4034 6292
103 375 172 429 ress
682 365 883 423 suscensus
903 330 1099 432 nitentur
1119 376 1150 432 n.
1664 393 1733 452 sset

100 486 201 557 aliquid
213 486 343 543 adsersus
360 501 451 543 senem
472 485 551 540 llllern
575 482 738 538 insanientes
759 483 892 539 inuenisse
946 497 1086 558 utrumqne
1099 505 1191 545 serrum
1206 492 1265 547 est?
1278 493 1318 549 llli
1329 503 1417 552 autent
1431 497 1456 552 in
1469 514 1504 577 co
1516 500 1608 559 solunt
1619 506 1729 563 credero

103 574 245 631 rideantur
255 615 264 642 ,
276 575 357 632 unde
377 588 480 644 sponsae
492 573 602 644 virginis
613 571 722 631 cestius
734 586 889 644 eornrmpu-
946 576 1141 649 evangeliste,
1155 583 1225 655 qnod
1241 594 1328 661 nnrrtl
1340 586 1430 643 lesum
1441 590 1539 648 dixisse
1557 595 1644 660 mulsi,
1659 595 1727 662 Quid

101 673 154 730 tur,
169 664 195 720 id
205 674 257 728 est,
268 665 336 718 unde
345 663 411 719 lldes
421 662 547 718 sceleste
560 661 682 717 violetur.
697 660 888 728 lieteraenim,
943 668 1009 722 nrilri
1020 678 1044 723 et
1056 672 1101 726 tili
1110 681 1161 740 est,
1175 675 1288 730 ntulierl
1299 686 1326 732 et
1340 677 1365 733 in
1375 693 1408 734 eo
1422 681 1514 735 nolunt
1526 683 1634 741 eredere
1646 686 1728 741 Erun·

99 753 207 819 iratres,
221 754 400 823 corrumpitur
412 751 477 808 lldes
488 767 580 806 eornm
591 751 636 822 qui
650 761 806 822 proponunt
815 767 890 807 men-
941 756 1043 826 gelistae
1055 761 1125 829 ntrod
1134 763 1181 829 all,
1194 762 1258 819 Erat
1269 765 1303 821 ili
1310 767 1475 836 neotericis:
1488 770 1607 838 et,1lieit
1617 775 1727 832 einmter

99 830 206 897 decium
221 842 336 897 verino.
355 841 422 896 Num
437 842 479 897 isti
496 842 540 912 qui
553 840 677 896 sidentur
696 841 735 896 sic
756 840 888 896 llouorure
941 848 1006 916 einr.
1019 849 1084 919 Quis
1096 861 1137 907 est
1149 862 1238 908 eutem
1249 857 1294 926 qui
1311 859 1409 913 resistit
1423 863 1538 931 serpenti
1551 872 1579 918 et
1596 862 1726 922 tenetes·

99 932 259 999 tnrrlslum,
280 942 310 987 ut
330 942 428 1003 negent
448 948 509 1007 eum
530 946 638 987 caruem
660 931 886 997 habuisse,nil1il
939 935 1065 998 ritatem,
1090 938 1166 1007 cujus
1193 941 1332 1011 virginius
1354 946 1443 1002 cordis
1467 964 1519 1004 non
1546 954 1723 1023 corrumpitur

98 1019 173 1074 aliud
199 1036 261 1075 eum
282 1035 361 1091 quum
386 1021 540 1077 mendacem
565 1021 719 1090 predicent.
746 1020 797 1087 Qui
823 1034 887 1090 ergo
939 1023 1035 1078 astutio
1048 1023 1230 1095 diabolilQui
1243 1038 1385 1102 utrumque
1401 1050 1492 1091 serum
1505 1038 1608 1105 credin
1623 1043 1722 1112 etquis

101 1108 273 1164 urenducium
285 1110 417 1165 edificant
428 1111 454 1165 in
475 1109 642 1176 horninibus,
664 1108 727 1181 qnid
739 1109 773 1165 ult
785 1109 824 1165 cis
834 1124 887 1164 ex·
938 1120 996 1167 emt
1016 1112 1052 1167 iol
1073 1122 1158 1170 mater
1178 1115 1240 1173 lesu
1252 1159 1261 1186 ,
1274 1129 1302 1174 et
1319 1121 1379 1190 quis
1402 1122 1466 1177 illud
1485 1127 1623 1196 respondit
1642 1133 1721 1186 nisui

97 1197 220 1266 pellunt,
234 1198 284 1252 nisi
303 1198 458 1254 veritatemi
476 1197 622 1253 immittunt
639 1198 783 1260 diabolum.
796 1198 886 1254 eselu·
938 1200 1024 1257 lesus.
1038 1203 1092 1259 Sed
1105 1205 1258 1263 sinendum
1280 1209 1400 1280 intelligit
1410 1213 1632 1282 quemadmodum
1642 1219 1713 1276 dixe·

98 1284 324 1352 dnntClnistnm3
335 1288 478 1342 immittunt
488 1286 647 1352 adulterum,
657 1286 885 1356 excluduntspou·
939 1290 976 1346 rit
990 1292 1088 1359 lesus.
1104 1293 1172 1360 Qnid
1184 1299 1247 1352 milri
1259 1306 1283 1353 et
1294 1300 1338 1355 tili
1349 1311 1402 1366 ert,
1417 1304 1529 1361 melini
1540 1307 1645 1365 interim
1659 1326 1719 1368 ere·

95 1391 156 1431 snm
171 1394 178 1429 z
196 1376 368 1447 paranymphi
389 1376 507 1439 scilieet,
529 1375 573 1429 uel
596 1375 683 1445 potius
699 1375 810 1431 lenones
823 1389 882 1429 ser-
937 1381 982 1435 dot
995 1384 1066 1453 qued
1079 1384 1192 1453 dixerit,
1212 1397 1240 1442 et
1262 1389 1332 1459 quod
1353 1394 1431 1448 metri
1448 1393 1553 1452 dixerit.
1580 1398 1621 1455 Sit
1634 1402 1719 1471 primo

97 1466 198 1533 pontis.
214 1463 255 1518 Ad
270 1465 320 1518 lroc
331 1464 401 1518 enirn
415 1462 558 1532 loquuntur
572 1472 600 1517 ut
616 1477 725 1533 serpens
738 1462 880 1532 possideat,
936 1469 1021 1538 piens
1034 1471 1060 1525 in
1074 1473 1217 1542 credente,
1230 1485 1258 1532 et
1271 1478 1323 1534 erit
1339 1477 1440 1536 irnclus
1452 1482 1477 1537 in
1492 1484 1664 1558 intelligente.

94 1557 220 1611 Christus
244 1556 410 1612 excludatur.
446 1553 586 1622 Quomodo
611 1553 730 1625 possidet
754 1553 882 1623 serpeus?
970 1558 997 1612 7.
1013 1557 1150 1632 Interrogo
1161 1578 1218 1631 vos,
1235 1566 1355 1624 ofideles
1367 1568 1518 1640 Clnisduni,
1535 1575 1599 1633 Erat
1610 1579 1646 1634 ibi
1658 1596 1717 1637 ms·

93 1647 209 1714 Qrmrlde
227 1647 345 1718 possidet
366 1646 541 1729 menducium.
564 1645 675 1714 Quando
694 1644 812 1715 possidet
832 1643 882 1699 lul·
935 1654 975 1702 ter
988 1647 1068 1704 lesui
1081 1651 1250 1721 respondete,
1265 1655 1339 1710 Emt.
1355 1657 1430 1715 Unde
1441 1663 1714 1741 seitisirespondete,

93 1738 179 1801 siles.
206 1752 319 1807 serpens
344 1736 485 1807 possidet:
501 1734 609 1806 quando
630 1733 749 1805 possidet
772 1732 879 1797 serlus,
935 1734 991 1792 lloc
1008 1737 1126 1808 loquitur
1139 1740 1319 1813 limngelinm.
1343 1744 1411 1812 Quid
1424 1750 1560 1819 respoudit
1578 1757 1657 1812 metri
1669 1758 1715 1814 le·

94 1827 222 1883 cerrenus
239 1827 370 1898 presidet.
395 1825 453 1896 lpse
470 1826 541 1882 enim
555 1824 633 1890 dixit,
656 1821 711 1894 lips
724 1839 780 1877 mm
793 1824 882 1877 neritus
932 1826 1001 1882 susi
1015 1830 1191 1899 respondete,
1214 1833 1282 1900 Quid
1294 1835 1356 1890 nili
1367 1846 1390 1891 et
1407 1839 1452 1892 tili
1463 1849 1514 1909 nt,
1528 1844 1637 1902 trador?
1648 1864 1713 1904 nen·

93 1915 185 1984 (pm,
200 1930 258 1981 m,
273 1915 300 1985 n)
317 1914 370 1971 :de
384 1916 429 1969 llln
441 1913 617 1978 nntemdixit‚
630 1911 703 1966 Elin
716 1912 877 1965 nallatenus
932 1918 992 1972 dltm
1006 1922 1070 1974 lenit
1085 1922 1147 1976 liora
1160 1941 1224 1978 uren.
1243 1927 1277 1981 Et
1290 1928 1340 1982 lroe
1352 1929 1421 1986 unde
1434 1933 1525 1988 scitisl
1543 1938 1710 2009 respondete,

92 2003 415 2069 nedr,r1nioeerilusnon
431 2001 511 2056 estin
526 2016 555 2055 eo
572 1996 626 2071 (ld.
639 1996 767 2071 ennii).
783 1997 827 2054 Sic
838 2006 880 2052 cst
931 2003 987 2060 lloe
1006 2006 1123 2076 loquitur
1144 2008 1327 2081 Euangelinm.
1356 2014 1448 2071 Nullus
1467 2022 1541 2077 vohis
1561 2037 1713 2097 corrumpet

91 2101 183 2146 autern
206 2093 305 2148 veritas
319 2090 458 2158 Christus,
480 2100 509 2147 ul
522 2098 605 2146 tolum
618 2103 709 2146 verum
727 2088 841 2158 occipias
852 2089 879 2143 in
930 2094 998 2150 lrnue
1012 2094 1090 2151 lldern
1102 2138 1111 2162 ,
1124 2098 1146 2151 si
1160 2100 1239 2154 vultis
1258 2116 1358 2171 sponso
1369 2120 1476 2164 sermre
1488 2123 1586 2169 rustam
1599 2120 1710 2188 ulrgini·

91 2182 211 2237 cerisio,
232 2182 332 2238 lerum
348 2180 481 2248 Verbum,
500 2180 572 2237 lleus
589 2178 698 2250 equalis
710 2177 799 2243 Patri,
817 2191 879 2233 uem
931 2193 1022 2241 tutem.
1043 2186 1071 2242 sl
1084 2197 1173 2245 autem
1192 2176 1344 2261 domitura
1360 2196 1444 2264 uobis,
1456 2208 1503 2254 our
1515 2201 1567 2257 hoe
1575 2209 1653 2262 metri
1665 2224 1711 2266 re·

90 2277 193 2340 mma,
208 2289 272 2329 vem
284 2288 357 2340 caro,
371 2287 450 2330 verus
466 2270 556 2339 homo,
569 2284 648 2326 serus
661 2269 744 2335 licus,
758 2283 819 2325 rem
832 2282 879 2324 uo·
931 2276 1070 2345 sponderit
1081 2291 1089 2341 ;
1111 2277 1183 2333 diest
1200 2280 1245 2349 qui
1262 2281 1382 2355 intelligit
1395 2302 1402 2339 :
1422 2288 1467 2357 qui
1485 2298 1572 2346 entem
1592 2296 1708 2354 noudum

91 2365 196 2431 nestas,
216 2379 279 2420 vere
301 2364 408 2435 passio,
432 2377 496 2418 rere
514 2376 603 2425 mors,
624 2374 686 2429 sem
707 2360 876 2415 resurrectio.
931 2363 1073 2433 intelligit,
1087 2365 1238 2424 llrrnissinre
1251 2378 1339 2427 tumen
1351 2375 1450 2442 eredat,
1465 2376 1515 2433 lroe
1528 2384 1707 2453 respondisse,

89 2456 119 2509 sl
138 2454 240 2525 aliquid
258 2455 351 2509 horum
371 2452 470 2508 dixeris
481 2452 593 2516 lulsum‚
612 2448 692 2503 intrnt
704 2448 829 2518 putredo,
843 2448 877 2503 de
927 2458 956 2505 et
968 2459 1056 2505 temcn
1069 2453 1145 2507 matri
1158 2457 1325 2524 respondisse
1333 2460 1433 2516 lesum.
1446 2464 1501 2521 lluu
1514 2469 1610 2537 pietate
1624 2489 1710 2533 merc·

89 2560 196 2600 sennenn
206 2543 337 2611 serpentis
350 2551 494 2597 naseuntur
504 2554 608 2597 vermes
621 2539 833 2606 mendaciorum,
849 2548 876 2593 et
927 2538 999 2594 bitur
1018 2539 1097 2595 etiem
1111 2541 1259 2613 intelligere
1271 2560 1320 2601 eur
1332 2547 1368 2603 ite
1380 2553 1559 2621 responderit,
1573 2561 1596 2613 si
1608 2564 1708 2621 orendo

1 2623 2 2636 ¹
89 2633 159 2686 nillil
170 2633 301 2701 integrum
314 2630 468 2685 remanebit.
927 2629 1034 2698 pulset,
1061 2640 1089 2686 et
1106 2646 1161 2688 nou
1177 2634 1288 2690 rixando
1301 2638 1408 2694 ncccdnt
1424 2642 1457 2696 nd
1469 2645 1566 2702 ostium
1579 2650 1706 2709 veritatis.
1727 2659 1736 2669 '

125 2723 154 2776 ll.
167 2720 238 2787 Quid
251 2728 293 2775 est
303 2733 386 2789 ogo,
401 2718 484 2788 inquit
495 2759 503 2784 ,
516 2717 587 2789 qrrod
600 2718 636 2772 nit
653 2716 791 2781 Dominus,
807 2713 874 2780 Quid
926 2718 1040 2775 Tantum
1054 2731 1164 2790 carent,
1180 2724 1289 2781 nedum
1302 2741 1331 2783 se
1341 2739 1414 2799 punt
1426 2733 1510 2802 seire,
1520 2747 1566 2793 eut
1576 2739 1708 2801 emnem

87 2812 154 2864 ndei
172 2819 196 2864 et
217 2810 261 2864 tili
282 2818 333 2877 erl,
350 2810 461 2864 mulier!
486 2807 602 2864 Fortein
618 2820 651 2860 eo
669 2804 739 2875 quod
757 2805 875 2876 sequitur
927 2811 1032 2867 nescire
1056 2828 1104 2868 cnr
1127 2815 1163 2869 ils
1188 2817 1373 2888 responderit,
1399 2834 1508 2892 creetur
1531 2830 1640 2888 eredere
1661 2845 1707 2892 ane

87 2899 208 2956 ostctrdit
218 2899 295 2955 nobis
307 2900 434 2955 llottnnus
447 2913 529 2970 quere
543 2899 592 2951 lroc
607 2894 703 2950 dixerit
718 2912 725 2948 ι
741 2894 872 2963 Nondum,
926 2900 1120 2971 Evangelistum
1132 2902 1215 2958 luisse
1227 2908 1365 2964 mentitum
1378 2913 1423 2982 qui
1436 2915 1482 2981 nil,
1498 2914 1562 2972 Erat
1576 2920 1611 2975 ili
1624 2934 1704 2981 mara

87 2990 185 3061 inquil,
200 2991 338 3045 monilium
352 3006 416 3043 rnen.
428 2980 619 3048 siccationis,
641 2984 708 3050 Quid
721 2984 874 3040 milrietlilri
925 2989 987 3044 lem
1002 3000 1071 3046 :eut
1085 2993 1169 3061 ipsum
1181 2993 1313 3051 Christum
1332 2999 1396 3054 lnlsn
1418 3012 1503 3060 morte
1521 3021 1627 3077 pessum
1641 3027 1705 3083 pro·

87 3091 141 3149 ert,
158 3082 269 3137 mulier?
286 3081 396 3135 nondun
412 3078 476 3132 uenit
497 3078 559 3131 loro
578 3093 642 3132 uren.
658 3078 691 3132 llt
711 3078 762 3133 lloc
773 3077 872 3132 cur-di·
925 3090 984 3150 pter
996 3081 1092 3137 delicte
1104 3093 1237 3151 restruet
1248 3084 1327 3142 lulsos
1336 3089 1472 3146 cicatrices
1480 3098 1628 3155 ostendisse
1641 3118 1705 3172 prn-

87 3184 162 3228 etum
172 3173 217 3236 sit,
233 3168 418 3239 requirendum
428 3175 478 3221 cst.
490 3165 565 3221 Prius
574 3181 637 3237 ergo
646 3166 708 3222 ltine
718 3165 872 3221 resistamus
925 3180 984 3239 pter
992 3171 1208 3240 instilicotionem
1223 3184 1341 3232 nostram
1352 3195 1360 3245 ;
1373 3178 1522 3252 falsumque
1539 3187 1653 3258 dixisse,
1673 3193 1705 3250 Sl

89 3261 236 3316 haeretleis.
250 3256 319 3322 Quid
333 3255 396 3311 dicit
407 3270 516 3325 serpens
529 3264 696 3318 velernnsns,
710 3268 870 3308 uenenorum
923 3259 1064 3313 rrrnnseritis
1084 3261 1110 3313 in
1130 3260 1202 3315 cerlo
1222 3279 1293 3328 nno.
1317 3282 1373 3321 nere
1394 3270 1512 3340 discipuli
1524 3277 1659 3345 undatim
1679 3293 1703 3338 es

89 3352 240 3407 inesibilotor
262 3357 289 3402 et
311 3347 453 3417 inspirator
473 3345 613 3416 antiquus?
632 3343 695 3412 quid
711 3343 793 3407 dicit?
812 3342 870 3397 Non
922 3349 1073 3420 coyrtomelis
1083 3351 1217 3416 ueritatem,
1230 3363 1253 3405 el
1265 3354 1353 3410 uerilm
1363 3357 1474 3412 lilerudit
1486 3377 1529 3416 eos
1540 3364 1627 3436 (loon.
1641 3386 1702 3435 run,

89 3441 185 3497 modu
202 3448 314 3497 mtrem
336 3440 460 3495 leurirmm
477 3438 563 3493 lesus.
584 3434 662 3491 Unde
673 3436 787 3505 probes?
805 3438 870 3503 Quin
924 3438 968 3501 el,
985 3438 1041 3505 δὲ),
1055 3437 1081 3492 Si
1095 3439 1166 3494 enirn
1180 3439 1244 3496 lnlso
1257 3452 1356 3510 ludier,
1371 3446 1433 3502 iulsu
1446 3462 1521 3516 coro,
1540 3453 1603 3508 sulse
1617 3472 1699 3526 mors,

88 3530 167 3595 dixit.
180 3531 281 3600 lnquit,
299 3529 368 3597 Quid
387 3528 448 3581 nrllri
460 3534 482 3579 rt
495 3524 539 3579 tili
552 3533 605 3589 ert,
621 3524 709 3578 rrrulier
719 3524 732 3577 l
744 3524 807 3592 Quis
820 3524 870 3579 nne
923 3525 986 3579 lnlsa
997 3525 1105 3581 vulnero
1114 3530 1333 3597 passionis‚ialsae
1339 3536 1473 3593 cicatrices
1483 3547 1700 3617 resurrectionis3

87 3620 224 3684 rmrrurit,
237 3612 482 3685 uteredenrnstpuiu
492 3614 542 3668 hoe
554 3612 634 3667 dixit?
646 3614 704 3683 quis
719 3614 767 3668 lroe
780 3628 871 3669 numu-
921 3617 1078 3671 rrouucritus
1087 3617 1224 3673 credontes
1233 3619 1260 3673 in
1270 3622 1396 3687 enm,sed
1407 3627 1492 3691 potius
1501 3628 1703 3693 lulsitnslioen.

87 3710 146 3763 rit?
169 3708 271 3775 Nempe
290 3704 407 3759 lomnes
426 3703 597 3773 evaugelistu
624 3704 658 3757 tlt
681 3702 737 3772 ipse
756 3702 871 3758 loannes
922 3705 970 3760 bil.
985 3704 1226 3764 lnroucrolulsitos
1239 3709 1449 3781 moeruerint,
1468 3701 1496 3771 et
1508 3718 1701 3782 confundentur

86 3794 333 3870 congesserint,
348 3792 382 3847 Et
394 3803 447 3848 emt
457 3793 492 3848 ili
506 3804 586 3849 nrnter
596 3793 671 3849 len.
681 3793 746 3849 llum
760 3794 795 3847 itu
806 3808 869 3850 nur·
921 3809 1015 3850 omncs
1033 3796 1078 3864 qui
1095 3806 1232 3866 propterea
1247 3801 1382 3856 seruiunt
1399 3804 1480 3859 videri
1494 3821 1618 3878 remees,
1638 3814 1699 3883 quio

86 3890 158 3943 ravit
173 3905 180 3937 ι
196 3885 281 3937 Altero
295 3884 336 3937 die
349 3884 442 3955 nuptie
457 3888 532 3956 suctos
545 3891 602 3937 rurd
619 3886 645 3936 in
665 3881 736 3937 lim
746 3881 868 3948 ended,
922 3886 1056 3939 Christum
1076 3894 1205 3940 conentur
1217 3885 1399 3946 demonstrare
1413 3876 1546 3962 lelineem;
1567 3907 1593 3953 el
1606 3901 1700 3959 nolum

86 3990 111 4030 er
122 3984 177 4029 erut
188 3974 224 4027 ili
235 3983 314 4027 meter
324 3972 396 4028 lene
414 3972 521 4028 Venerat
534 3982 616 4025 autern
629 3971 689 4025 illue
707 3974 826 4030 inoimlm
835 3975 871 4031 ed
921 3974 971 4029 sili
983 3973 1055 4042 dici,
1075 3974 1132 4030 Non
1147 3974 1221 4031 robis
1232 3976 1364 4033 eredimus
1377 3980 1437 4050 quin
1451 3984 1615 4054 mentimini;
1637 4006 1698 4046 curn

86 4065 190 4134 nemim
201 4078 259 4116 rum
269 4064 398 4134 discipulis
414 4064 477 4116 ruis.
504 4061 635 4116 Tenemus
648 4061 715 4116 duos
725 4063 869 4118 sententies
920 4064 1004 4134 ipsum
1014 4064 1151 4119 uerilnlem
1161 4064 1249 4120 dicarit
1262 4081 1321 4122 esse
1333 4069 1478 4126 mentitum.
1499 4074 1598 4141 Quibus
1612 4087 1698 4135 rame„

85 4153 120 4206 ab
139 4152 308 4222 Euangelism
328 4152 452 4222 prolatas.
476 4149 538 4204 lirul
551 4150 585 4204 ili
598 4160 676 4204 rrruter
686 4150 762 4216 lesu,
782 4151 868 4206 Evun·
920 4154 943 4209 si
957 4154 1089 4219 dicemus,
1106 4152 1275 4213 llndeoostis
1288 4156 1386 4213 dixisse
1397 4158 1541 4229 Christum.
1556 4165 1623 4232 Quid
1636 4169 1697 4224 rents

86 4244 179 4312 gelista
190 4243 257 4298 dixit
270 4261 277 4297 :
288 4242 349 4312 quid
361 4240 457 4295 dixerit
469 4241 547 4295 metri
557 4256 611 4295 sum
622 4240 709 4307 lesus,
719 4242 775 4312 ipsc
782 4241 868 4297 Eron-
919 4256 943 4302 et
956 4245 998 4300 tili
1008 4254 1054 4313 est,
1065 4246 1174 4301 nulio?
1186 4246 1325 4315 Evangelio
1335 4261 1364 4302 se
1372 4249 1517 4309 credidisse
1527 4257 1697 4325 respondent.

87 4332 181 4400 gelista
202 4332 280 4387 dixit.
307 4331 340 4385 Et
360 4330 491 4399 quomodo
512 4330 578 4384 dixit
601 4324 769 4400 respondisse
790 4333 867 4387 matri
920 4334 974 4390 Cur
994 4351 1048 4388 non
1069 4334 1183 4390 creduut
1194 4333 1336 4405 Evangelio
1354 4335 1470 4404 dicenti,
1492 4339 1555 4395 Ernt
1574 4344 1608 4397 ili
1619 4356 1697 4401 mater

60 4448 64 4457 ¹
88 4438 145 4477 suae
155 4421 267 4486 lesum,
283 4427 311 4473 ut
322 4418 405 4488 primo
417 4418 526 4482 diecret,
549 4418 590 4471 dit
602 4418 728 4473 illinmler
741 4419 795 4489 ejus
806 4460 813 4484 ,
826 4422 867 4475 vi·
917 4421 998 4489 λαις
1020 4422 1157 4497 ct,‚1)ieil
1175 4422 1198 4478 ei
1215 4433 1295 4479 omer
1309 4425 1384 4496 ejus?
1400 4428 1453 4481 llut
1466 4429 1489 4483 si
1509 4430 1559 4486 noc
1571 4435 1698 4490 menum

87 4512 169 4575 dete,
185 4512 296 4575 iratres,
314 4520 344 4566 ut
362 4510 491 4565 adversus
508 4510 622 4580 linguatu
637 4510 766 4578 serpentis
779 4511 866 4566 mnni-
922 4511 1104 4581 Evangelium,
1118 4512 1249 4581 quomodo
1261 4513 1287 4568 ei
1300 4513 1416 4571 ereditur
1427 4517 1495 4586 quod
1506 4519 1695 4589 discutimus.

89 4612 142 4653 tem
158 4599 335 4669 uirginitatem
349 4598 436 4653 cordis
451 4596 578 4651 debentis.
600 4597 654 4650 lllie
666 4596 691 4650 in
709 4595 767 4666 ipso
783 4597 868 4652 llmn-
922 4599 989 4666 Quid
1001 4600 1063 4653 milri
1073 4610 1097 4653 et
1109 4600 1152 4652 tili
1164 4609 1216 4665 est,
1230 4602 1339 4655 mederi
1359 4602 1414 4658 Cur
1424 4619 1477 4660 uon
1494 4608 1579 4676 potios
1596 4611 1694 4678 miseri,

1 4711 3 4724 ·
87 4689 205 4759 gelioee
226 4690 284 4756 ipso
306 4686 465 4756 evarrgclistu
487 4695 610 4739 rrerrnnte
628 4684 740 4752 dicitur,
758 4683 821 4740 Erat
834 4686 867 4740 ili
919 4688 1028 4758 etnuod
1042 4689 1077 4742 ite
1090 4699 1294 4755 noneslrtneae,
1307 4691 1697 4770 sedmulrillomiousrespon·

88 4776 241 4833 mandem
252 4793 262 4840 ,·
273 4785 317 4843 ct,
332 4775 403 4830 llisit
415 4776 454 4829 illi
467 4787 546 4832 rnoler
558 4779 621 4847 ejus.
637 4775 702 4842 Quis
714 4777 764 4832 lroe
776 4792 868 4832 norro·
919 4778 987 4833 derit
998 4818 1006 4843 ,
1029 4777 1142 4834 ssdeliter
1153 4778 1282 4845 credunl;
1302 4789 1330 4835 ct
1341 4796 1389 4835 cur
1407 4782 1443 4836 itu
1464 4787 1638 4854 responderit,
1654 4790 1696 4859 pie

88 4870 146 4922 rit?
167 4868 285 4924 loaurles
311 4867 478 4939 evangelis-m.
506 4868 538 4921 Ει
558 4867 619 4936 quid
639 4869 774 4936 respondit
791 4869 866 4924 muni
922 4867 1064 4937 quaerunt?
1086 4867 1195 4921 llullum
1208 4869 1278 4922 enirn
1292 4869 1400 4925 interest
1416 4870 1610 4944 intercumqui
1623 4875 1694 4941 dielt.

88 4959 186 5014 lesus?
203 4958 272 5023 Quid
283 4958 345 5011 nsilri
356 4967 379 5011 et
392 4957 436 5023 lidi
445 4966 492 5021 ert,
507 4957 618 5012 nrulierl
629 4959 692 5025 Quis
704 4957 754 5013 hoe
764 4960 868 5013 linunt?
924 4959 990 5014 llolo
1001 4959 1070 5013 seire
1082 4974 1164 5028 quare
1176 4958 1294 5014 Clrristus
1309 4959 1359 5015 lroe
1372 4961 1450 5015 matri
1466 4963 1651 5032 responderitt
1670 4978 1697 5022 ct

91 5048 163 5101 ldem
177 5048 237 5115 ipsc
248 5045 364 5101 loonncs
376 5022 547 5115 evangelista.
561 5045 584 5101 Ο
596 5046 759 5116 Evangelisla
770 5046 868 5102 tidelis·
921 5062 983 5104 eum
997 5049 1042 5118 qni
1064 5047 1146 5113 dicit,
1170 5048 1231 5103 Seio
1251 5047 1320 5119 quod
1343 5049 1394 5104 hoe
1411 5049 1531 5106 Christus
1546 5066 1599 5107 nou
1618 5057 1697 5110 matri

89 5140 157 5189 sime
172 5145 200 5190 ct
218 5135 406 5198 remensium,
421 5140 448 5187 tn
460 5134 523 5187 milri
543 5149 634 5188 narrus
648 5133 746 5190 dixisse
758 5134 867 5200 lesum,
921 5135 1097 5206 responderit.
1122 5135 1198 5190 Aliud
1212 5144 1253 5190 cst
1263 5136 1409 5207 intelligere
1424 5139 1488 5192 selle
1498 5139 1567 5208 quod
1580 5140 1697 5197 clausum

91 5224 158 5289 Quid
168 5223 230 5276 milti
242 5233 267 5276 el
277 5223 320 5275 tili
332 5231 378 5287 ert,
389 5222 499 5276 mulier!
510 5237 557 5276 eur
566 5222 590 5277 ci
603 5222 745 5292 opposuisti
759 5233 868 5279 matrem
922 5234 972 5290 est,
988 5224 1058 5280 uliud
1073 5224 1143 5279 nolle
1155 5224 1263 5280 eredere
1277 5225 1346 5294 qnod
1360 5235 1479 5294 opertum
1491 5236 1541 5283 est.
1560 5228 1610 5295 Qui
1622 5228 1695 5295 dicit,

1 5313 2 5332 ¹
89 5328 169 5383 quem
185 5327 240 5366 non
262 5309 403 5381 agnoseit?
416 5310 479 5365 llum
494 5320 520 5364 ln
534 5311 621 5365 dixisti
633 5313 693 5381 quie
705 5312 740 5366 iln'
750 5325 802 5366 mul
813 5322 880 5366 run¹
922 5313 995 5371 Scire
1007 5313 1069 5368 uolo
1080 5326 1127 5366 eur
1141 5313 1176 5366 its
1188 5312 1309 5368 Cluistus
1325 5314 1402 5368 matri
1413 5314 1587 5384 responderit.
1601 5316 1696 5385 operiri

89 5410 128 5453 ter
145 5399 229 5464 lesu,
255 5408 285 5454 et
299 5400 359 5468 quis
373 5399 470 5452 dieitei
483 5408 561 5452 ttteler
571 5400 625 5469 eim
638 5415 648 5453 .-
659 5415 707 5453 cnr
717 5416 769 5455 non
785 5403 869 5471 potins
921 5401 972 5457 sibi
982 5401 1039 5455 rull
1048 5400 1215 5469 Evangelium
1227 5400 1270 5455 cni
1279 5401 1361 5456 credit
1377 5401 1441 5470 :qui
1451 5410 1536 5457 eutem
1550 5402 1622 5469 dicit,
1637 5402 1698 5459 Seio

88 5490 195 5560 dixisti,
211 5492 275 5546 Emt
287 5492 323 5545 ili
336 5491 480 5555 linrimct,
494 5491 563 5544 llisit
577 5492 600 5545 ei
616 5491 713 5545 listris?
726 5491 870 5562 Utrumque
923 5488 994 5558 qnod
1015 5488 1065 5542 hoc
1088 5487 1208 5542 Christus
1232 5504 1284 5544 non
1304 5488 1381 5544 urntri
1403 5489 1583 5559 responderit,
1612 5492 1696 5559 ipsum

91 5592 119 5635 tn
131 5596 238 5646 rums,
252 5591 290 5647 ct,
308 5579 378 5632 llicit
389 5582 412 5632 ei
422 5581 579 5649 trieteride:
592 5589 629 5645 ct,
641 5580 777 5649 Respondit
789 5581 811 5633 ei
823 5579 869 5634 Ir-
923 5577 1094 5646 Euangelium
1106 5577 1192 5646 arguit
1211 5577 1245 5631 de
1265 5577 1421 5647 mendacio,
1442 5581 1486 5634 uni
1505 5578 1615 5634 credidit
1627 5578 1696 5651 qnod

91 5685 145 5733 nr.
160 5671 228 5735 Qnid
240 5669 303 5723 miii
313 5680 336 5721 ct
350 5667 393 5719 lili
403 5678 447 5733 ret,
459 5667 661 5733 rlrrrllrrlQnurc
676 5666 734 5733 lunc,
749 5667 797 5721 nisi
810 5668 869 5738 quin
922 5667 1041 5725 Glrrislus
1055 5667 1090 5722 ite
1102 5672 1275 5740 responderit.
