4034 6292
135 372 208 434 emt
680 373 863 444 meruero
880 374 1017 437 merent
1034 376 1216 439 enomere
1452 346 1483 390 ⁵
1688 379 1759 438 tert

132 485 245 558 abluere
255 501 317 545 eunt
339 486 517 560 tntetttptnm,
533 498 612 555 enam
624 483 758 557 limnpclii
780 494 883 557 portem
895 485 994 556 populo
1005 493 1066 543 erut
1077 488 1247 557 expositurus
1257 486 1352 560 iubere
1363 485 1471 544 suillum
1483 485 1553 545 inter
1568 486 1658 544 ‹iitlna
1670 485 1759 545 nilne

133 573 261 632 recitem:
275 592 353 649 quem
369 577 516 648 perlectum
526 583 617 645 postea
626 573 761 632 nitebeter
770 575 911 646 explicere.
928 575 1055 633 i'etututi
1068 575 1176 648 quanm
1186 575 1362 635 boeiuturum
1373 577 1467 634 luisset
1476 592 1553 649 :equo
1563 578 1678 651 ionpim,
1691 578 1761 635 resi·

132 663 215 722 tluttm
228 666 254 723 in
265 666 338 722 uliud
352 676 455 733 tempus
465 661 618 728 numiam
629 677 662 723 te
672 672 727 720 tutu
738 676 842 736 quoque
853 662 935 735 relepi
944 663 1116 735 lienupelium
1124 664 1307 737 precipiebat.

167 755 300 814 Ceterum
316 764 407 812 exarte
424 753 541 810 nondum
552 754 640 811 bistue
651 768 726 812 tuem
740 756 766 809 in
778 752 888 809 Juattuit
899 752 1072 825 Erunpelium
1083 753 1297 825 explanationem
1310 767 1450 825 aarum
1461 763 1504 812 est
1515 756 1690 828 Aupmtiuut.
1701 754 1755 813 Te·

131 855 219 905 statur
229 846 326 917 nutppe
341 844 368 898 in
380 843 469 900 leuet.
483 859 522 911 tt,
541 859 602 901 tese
619 844 782 902 subteritnm
795 857 829 900 ue
841 843 953 914 populus
965 856 981 899 e
993 840 1185 913 emmenum
1198 841 1311 900 metuis
1326 842 1433 915 iriporiu
1445 846 1473 903 ri
1483 843 1673 905 demereretur.
1688 843 1756 925 inp,

131 936 280 1007 proximum
299 930 431 1003 nmtleet
440 938 546 1004 tempus
559 931 714 998 lutmlnere,
728 936 759 987 ut
769 930 900 1003 pontionis
913 944 945 987 ne
958 929 1161 988 resurrectionis
1178 929 1322 987 bumiuiem
1341 932 1496 989 solemnitas
1507 933 1669 989 eelebtetur.
1683 930 1713 989 in
1727 947 1755 989 tt

129 1032 230 1088 autent,
241 1029 270 1077 ut
279 1020 436 1079 adhortetur
445 1022 659 1089 catechumenus,
671 1024 725 1093 iam
739 1030 843 1092 tempus
854 1022 971 1094 stipere.
985 1020 1075 1078 Pridie
1085 1023 1146 1092 eius
1156 1021 1209 1079 tiiei
1220 1034 1273 1094 que
1287 1019 1379 1078 babuit
1391 1037 1439 1090 xit,
1452 1022 1584 1079 dicturum
1597 1036 1628 1079 te
1645 1022 1680 1081 de
1691 1037 1758 1094 paee

130 1109 269 1179 Eoelesim
282 1111 325 1169 tei
346 1112 410 1184 qnid
429 1113 538 1185 epioset,
551 1112 593 1171 rei
605 1110 668 1185 quid
680 1111 767 1167 adbuc
778 1111 909 1182 tuendum
931 1119 1062 1183 speraret,
1073 1111 1171 1181 populo
1183 1109 1341 1183 promiserat
1352 1125 1361 1166 t
1374 1106 1423 1169 teil
1432 1112 1593 1183 preminere
1607 1111 1712 1168 totitem
1721 1112 1756 1169 ie

130 1201 242 1259 leeiiom
253 1203 404 1274 mutneliou
415 1200 813 1270 numerumnunerum
827 1200 907 1258 Mem
917 1214 993 1257 suant
1007 1201 1130 1258 liberere.
1142 1199 1211 1267 Quiri
1225 1197 1289 1256 iliud
1298 1214 1379 1272 porro
1393 1199 1482 1267 luerit,
1495 1200 1565 1271 pttotl
1579 1201 1614 1256 tie
1631 1200 1756 1257 Eeeietite

124 1300 194 1363 pter
210 1290 351 1350 diceneum
361 1292 485 1361 babebat,
500 1293 693 1364 incnntpertent
714 1297 770 1359 est;
786 1305 871 1363 netpte
883 1292 911 1348 in
926 1291 1046 1363 eiusdem
1060 1290 1224 1347 tractationis
1246 1289 1300 1346 line
1322 1290 1502 1361 eouecrtptum
1526 1290 1585 1346 iuit.
1599 1290 1710 1347 Videtur
1720 1305 1755 1349 ex

123 1388 173 1439 utu
187 1382 324 1441 Tractatut
334 1384 444 1442 exordio
455 1398 535 1457 potae
545 1380 644 1455 colligi,
657 1399 674 1438 u
685 1382 781 1440 diebus
792 1396 845 1440 neu
858 1382 895 1438 ita
909 1377 999 1453 pennis
1011 1383 1192 1440 interminium
1205 1374 1240 1438 st
1251 1397 1285 1439 eo
1296 1382 1379 1440 tuisse
1390 1382 1501 1439 loennls
1519 1382 1690 1453 Euangeliou
1705 1399 1714 1438 e
1727 1390 1756 1438 et

123 1472 214 1544 tuipse
227 1473 291 1541 ilintl
310 1489 358 1546 per
377 1474 514 1532 Patebalin
531 1472 609 1539 leem,
630 1487 691 1544 epum
703 1472 730 1527 in
740 1472 759 1527 i
771 1472 841 1529 diem
855 1471 946 1540 aprilis
957 1485 1028 1526 enno
1040 1470 1093 1528 116
1107 1470 1273 1537 incidebant,
1294 1470 1445 1542 interrupit,
1465 1486 1499 1528 eo
1520 1470 1591 1543 quoti
1603 1469 1646 1526 itis
1657 1470 1752 1527 tiicbttt

124 1559 193 1617 liuns
205 1571 233 1618 et
243 1572 331 1621 certes
338 1579 372 1621 ex
384 1563 528 1635 emeretis
536 1562 666 1620 lectiones
673 1569 811 1632 oporteret
822 1560 848 1616 in
863 1560 982 1617 Ecclesia
994 1560 1112 1627 recturi,
1122 1561 1218 1633 quibus
1227 1561 1388 1619 substituere
1396 1560 1462 1618 nlius
1475 1577 1528 1618 non
1541 1561 1656 1619 licebat:
1672 1560 1752 1619 sieutl

123 1667 173 1709 sua
186 1653 214 1709 in
226 1654 422 1726 impositionem
435 1653 558 1725 Epistoim
570 1652 680 1708 lonnnis
697 1650 851 1722 metatione
862 1649 950 1709 deuel.
964 1649 1031 1706 liunt
1044 1649 1145 1707 iuterea
1160 1650 1287 1721 temperis
1298 1646 1565 1707 enemttdam'itaue
1585 1649 1669 1721 ipsam
1680 1650 1752 1723 Epi·

123 1743 219 1801 stolum
236 1747 349 1817 neseepit
362 1763 371 1802 r
385 1759 499 1817 moxque
511 1759 543 1800 en
561 1749 719 1816 pertenetntn
729 1740 848 1797 rediitad
860 1740 1043 1812 Eranpelium.
1056 1738 1085 1795 ln
1098 1738 1173 1811 cuins
1182 1738 1358 1811 explicatione
1369 1739 1522 1795 'ir-tutatum
1535 1754 1624 1807 xum,
1637 1742 1751 1797 neetttm

120 1830 152 1888 in
165 1831 299 1891 tuumnttt
316 1835 451 1907 martyris,
465 1847 544 1904 prtem
557 1830 655 1888 ibidem
669 1829 768 1894 innuat,
781 1829 936 1886 eeieitrlme
955 1836 1125 1886 excesserat:
1137 1828 1243 1886 umetsi
1255 1829 1373 1901 utrinque
1384 1830 1521 1887 Tractatus
1534 1843 1551 1884 a
1563 1844 1618 1896 mx,
1643 1828 1681 1885 uti
1692 1829 1749 1904 iret

122 1921 290 1978 obterentem
304 1931 354 1989 est,
369 1921 403 1977 etl
417 1937 493 1986 utut,
505 1919 600 1976 etcum
612 1915 873 1990 qttintptteeo'ntintiia
885 1915 1051 1987 preterisset.

157 2009 196 2066 lix
208 2010 259 2066 boe
269 2023 352 2079 opere
363 2008 488 2079 decerpto
502 2010 581 2077 etiem
595 2005 676 2059 multu
688 2005 806 2075 reperies
817 2002 887 2074 sputi
899 2003 997 2063 lisdem
1005 2015 1033 2062 et
1045 2005 1185 2062 Aicuinuut
1193 2020 1273 2077 mper
1281 2006 1421 2076 ioannem,
1429 2008 1498 2080 epnd
1510 2010 1617 2066 Florttm
1631 2010 1657 2066 in
1670 2009 1747 2068 Gom·

119 2098 257 2155 menmriis
269 2110 350 2164 super
362 2094 433 2152 Pnuii
446 2093 589 2164 Epistolnt,
601 2091 680 2149 been
693 2092 801 2148 neruine
815 2091 937 2163 vulgetis,
948 2102 1012 2161 ete..
1032 2109 1136 2151 necnon
1155 2096 1301 2151 sententies
1324 2095 1451 2167 quamam
1462 2113 1477 2151 n
1490 2097 1624 2154 ueteribus
1646 2100 1745 2154 cnnllr·

119 2188 225 2245 manem
238 2186 375 2244 ermotten
388 2184 448 2241 litiei
463 2199 543 2245 ennea
554 2184 670 2253 prolatet
688 2198 721 2241 ex
738 2184 820 2240 rutile
832 2182 1000 2245 tneuubut
1015 2202 1023 2243 ε
1037 2185 1139 2243 tessioet
1150 2199 1183 2241 ex
1199 2202 1228 2253 tt,
1243 2183 1467 2252 colemannum
1482 2188 1541 2244 ide
1553 2186 1746 2259 ltnesrnatione,

119 2278 241 2350 mmuh
254 2294 289 2336 eu
298 2293 409 2345 uxrttt,
422 2295 438 2335 a
452 2278 541 2335 boum
553 2291 621 2349 pepe
632 2278 659 2331 ln
674 2275 792 2346 lipiutolu
803 2274 838 2331 etl
850 2275 967 2335 leonem
976 2278 1124 2349 Augustum
1136 2278 1200 2333 oiim
1213 2277 1257 2343 tt,
1270 2293 1340 2334 nene
1354 2277 1414 2345 til,
1427 2286 1479 2334 ete.
1492 2278 1657 2341 lieeottlutue
1677 2281 1749 2351 eius·

118 2369 181 2426 dem
192 2372 281 2441 operis
289 2370 463 2427 &eliodorus
472 2368 584 2425 &tutor
594 2368 620 2423 ie
633 2367 680 2422 lib.
693 2366 792 2432 ituit..
806 2381 866 2439 etp.
881 2368 909 2436 t,
921 2366 1052 2424 luunuert
1066 2368 1172 2436 coptum
1187 2375 1214 2422 et
1223 2367 1318 2437 insigni
1331 2370 1496 2437 expetitione
1509 2371 1544 2427 ab
1556 2374 1704 2443 Augustino
1713 2375 1748 2429 ii·

118 2459 259 2517 lustratum
271 2458 470 2516 commentans.
484 2457 620 2515 Possidius
630 2457 657 2513 in
669 2456 798 2521 indlenio,
812 2469 874 2527 eep.
887 2456 915 2525 b,
930 2456 981 2513 sub
991 2454 1034 2511 itis
1047 2455 1136 2510 uerbis
1148 2472 1156 2509 :
1169 2453 1303 2509 Yrmtutttr
1315 2457 1348 2510 de
1361 2455 1498 2530 Eumpeliu
1511 2457 1621 2518 ionnnie
1635 2466 1748 2533 ueupite

118 2566 198 2623 utrque
208 2550 243 2606 ud
258 2552 345 2621 penu,
359 2550 388 2605 in
398 2551 525 2607 mdieiltu
536 2567 591 2607 teu.
604 2550 765 2620 lupentinus
779 2548 875 2616 ipsein
890 2530 1045 2616 prefatione
1058 2545 1091 2601 ael
1104 2545 1242 2602 Tmetatus
1255 2561 1337 2618 super
1350 2548 1497 2619 Epistulam
1504 2550 1614 2609 lounnis
1628 2571 1636 2611 r
1651 2553 1746 2611 linui·

117 2642 165 2708 ttit,
178 2642 271 2712 inquit,
285 2641 414 2699 serentur
424 2651 507 2699 tmtru
518 2640 680 2712 Eeunpeiittnt
700 2635 976 2692 cummunionem
991 2651 1025 2692 cu
1035 2635 1123 2692 ordine
1134 2637 1268 2693 lectionum
1283 2654 1331 2693 ttot
1350 2639 1431 2695 solere
1441 2649 1559 2697 nectere.
1575 2642 1743 2716 lienemque

117 2729 146 2785 in
160 2731 206 2787 lib.
217 2731 250 2788 15
259 2730 293 2788 de
304 2731 442 2800 Trinitate,
451 2748 511 2803 etp.
524 2731 570 2797 tt,
582 2730 669 2799 sipnut
683 2726 834 2783 'imotatum
849 2726 875 2781 in
888 2723 966 2783 loto.
980 2741 1052 2793 tutu,
1065 2741 1125 2783 eunt
1139 2728 1198 2782 ait:
1215 2724 1254 2781 ile
1264 2726 1312 2781 linc
1321 2743 1349 2782 re
1360 2728 1388 2782 in
1407 2744 1522 2785 imment
1533 2730 1643 2799 nemum
1657 2741 1745 2803 prote·

116 2819 196 2875 reneio
206 2821 241 2875 ed
253 2837 328 2877 neree
340 2822 428 2894 popuii
440 2819 570 2877 cientium
582 2817 703 2883 uiuimus,
714 2815 857 2887 dictumque
865 2816 1158 2889 comprimemus
1172 2816 1280 2879 teneti
1293 2826 1335 2872 sat
1347 2817 1465 2886 visisset,
1476 2818 1594 2875 tiieturus
1606 2821 1634 2876 itt
1646 2819 1745 2877 netra-

117 2910 266 2968 etntinuum
279 2911 354 2968 iibris
366 2909 552 2983 peculiaribus,
564 2921 642 2979 quos,
655 2906 694 2965 uti
713 2905 747 2963 eti
759 2903 982 2975 Quodmltbeum,
995 2904 1073 2978 epist.
1082 2904 1144 2971 iii,
1160 2904 1298 2983 seribit,in
1310 2905 1448 2964 luctetur
1459 2909 1599 2979 populares
1606 2909 1745 2968 bumiliat-

116 3015 170 3070 que
180 3013 196 3055 e
206 3014 237 3059 se
250 3001 352 3057 babilas
360 2999 546 3055 meditabatur.

151 3091 224 3162 (ipua
236 3089 264 3147 ie
274 3088 383 3146 uetustis
396 3087 532 3144 eutiieibus
544 3087 709 3155 interluitur,
717 3085 875 3160 quibusdum
884 3084 1035 3153 tuentur,
1046 3083 1105 3141 eliis
1114 3084 1267 3153 Sermones,
1278 3085 1413 3142 nonnuliis
1425 3085 1546 3144 ilomilite
1560 3087 1586 3145 in
1600 3089 1743 3149 ioannem·

115 3179 169 3237 fleti
177 3182 256 3252 patrio
265 3178 378 3250 amplior
388 3178 480 3236 titulun
491 3188 533 3236 cst
545 3179 571 3236 iu
584 3181 647 3236 iles.
661 3176 839 3242 Atteoenenei,
852 3175 1068 3240 (intumetieensi,
1081 3184 1109 3231 et
1126 3176 1293 3244 Preteliensi,
1308 3175 1378 3232 butte
1391 3177 1417 3231 in
1431 3177 1539 3234 modum
1555 3193 1562 3232 ε
1578 3180 1674 3235 turne
1686 3183 1744 3237 Ate·

115 3272 211 3344 pettiei
222 3270 340 3326 Doeturit
353 3268 468 3344 Hippon.
481 3271 558 3342 epite.
576 3268 697 3325 Humilia
708 3267 735 3322 itt
748 3265 914 3339 Euunprlitnn
927 3265 1004 3323 uon.
1017 3262 1080 3320 leae
1092 3265 1228 3320 tmuium
1240 3263 1510 3340 imeneninctptnnt,
1522 3270 1648 3344 queritur
1660 3272 1743 3327 culin-

115 3359 213 3429 puendu
231 3358 303 3428 prinu
322 3359 357 3413 ed
379 3359 500 3430 pupulum
519 3356 615 3421 inbuit,
635 3364 660 3411 et
672 3355 738 3410 teter
750 3352 901 3424 loputndm
914 3371 932 3409 u
944 3354 1049 3410 notumit
1062 3362 1188 3424 receptet,
1202 3371 1231 3411 eo
1243 3372 1293 3423 utto
1303 3355 1395 3412 ieitte
1408 3367 1465 3412 tunt
1484 3359 1582 3427 outline,
1598 3361 1698 3416 urium
1710 3378 1743 3418 eu

114 3451 189 3507 serio
294 3449 406 3506 uictum.
426 3448 545 3517 lienique
559 3445 630 3518 qttotl
645 3444 679 3500 etl
694 3444 874 3516 prmietienem
891 3442 935 3501 bie
945 3444 1092 3516 subjectam
1102 3446 1208 3513 attinet,
1232 3446 1328 3502 imstra
1338 3462 1397 3503 eum
1409 3461 1512 3519 queret
1526 3449 1567 3505 tei
1582 3451 1609 3506 in
1618 3450 1681 3508 bist.
1695 3451 1740 3508 tel

115 3542 144 3598 in
153 3539 231 3597 ebitis
242 3542 303 3597 iim.
316 3548 344 3597 et
358 3537 421 3594 lad.
440 3536 514 3593 lituo
526 3520 586 3607 p'ntt
597 3537 734 3593 Erasmum
746 3535 878 3592 deterunt
888 3534 1078 3603 Lemnienuet,
1093 3536 1139 3607 qni
1147 3545 1234 3592 tannen
1244 3537 1386 3594 observent
1396 3553 1447 3596 nee
1458 3542 1599 3613 iupusuni
1611 3557 1681 3611 etto,
1691 3555 1739 3601 not

114 3629 144 3687 in
156 3628 210 3686 uilo
222 3630 271 3686 its.
285 3636 400 3686 exstare.
411 3625 528 3683 liabetur
537 3626 627 3698 paucio
641 3626 750 3682 mutatis
759 3625 848 3682 terbit
860 3623 931 3695 apud
943 3625 1041 3681 &dnm
1053 3633 1082 3680 et
1091 3625 1229 3682 Alcuinttm
1242 3627 1406 3684 intormem

222 3852 707 4035 emmenum
741 3913 1115 4029 utentum
1156 3913 1631 4033 eucrottte.

148 4123 279 4184 omnibut
289 4120 386 4181 (litium
396 4121 540 4193 scripture
554 4114 656 4192 pnpimt
671 4117 843 4191 Erutpeiium
853 4134 902 4176 ex·
952 4128 1098 4191 exponunt,
1119 4132 1146 4178 et
1163 4119 1197 4179 tle
1207 4120 1344 4180 diuinitate
1351 4140 1432 4196 panea
1445 4128 1577 4198 dixerunt,
1589 4132 1664 4203 qunti
1677 4132 1737 4191 eni·

113 4215 201 4283 ωιιῑῃ
212 4213 274 4286 quie
287 4212 359 4285 quoe
371 4207 428 4270 tm
441 4222 470 4267 et
481 4208 621 4282 Propitette
634 4207 751 4266 luterum
769 4209 901 4279 prndtxe-
951 4210 1031 4266 mulie
1046 4211 1192 4281 premibiiia
1204 4227 1265 4269 eum
1280 4210 1392 4271 bomine
1403 4214 1539 4275 ambulent
1551 4204 1656 4278 interra
1669 4240 1678 4279 ε
1694 4222 1738 4280 ltie

112 4312 187 4372 runt,
202 4302 254 4359 boe
269 4298 428 4374 completum
445 4294 510 4356 (licit
534 4298 714 4369 Evangelimu.
739 4296 812 4355 luter
827 4298 900 4369 ipsos
951 4310 1041 4358 autem
1055 4316 1137 4372 patum
1156 4301 1191 4359 tle
1205 4304 1394 4374 tempemltum
1405 4306 1464 4375 ejus
1478 4307 1561 4378 pestis
1572 4308 1734 4380 edisserens,

113 4402 203 4450 autem
214 4390 416 4463 Emttpeiiorutu
427 4387 569 4459 scriptores
581 4386 699 4445 ioannes
711 4387 811 4443 emittet
823 4385 850 4442 in
859 4385 900 4443 ‹lt-
950 4389 998 4445 teti
1010 4389 1458 4460 divinitatispotenttnnsnltimius
1466 4397 1658 4467 contemplans,
1673 4414 1735 4457 eum

112 4482 236 4539 uiuorum
258 4477 445 4551 mysteriorum
464 4470 660 4550 proluntlitate,
683 4477 729 4548 qui
745 4490 761 4532 a
779 4480 899 4547 tempore
951 4479 1064 4535 llomino
1077 4480 1217 4536 ndeoeiurn
1240 4480 1380 4550 rolunQei
1392 4484 1463 4538 enim
1480 4499 1559 4555 supro
1574 4496 1665 4556 pectus
1681 4488 1736 4544 lto·

113 4570 258 4628 bumaria
281 4568 444 4625 atoemionls
464 4581 512 4638 per
530 4576 615 4622 annot
632 4566 767 4637 resupinta
783 4565 898 4637 quinque
950 4568 1015 4623 mitti
1033 4568 1060 4623 ln
1076 4583 1152 4626 emm
1165 4566 1303 4639 recubuit,
1324 4570 1440 4628 cmkstlt
1462 4571 1584 4630 baustum
1599 4576 1736 4645 sapientiae

113 4658 223 4716 rerbnnt
238 4651 900 4728 bmabsuueatimiuieuiuteribemiimsqueadui·
949 4660 1054 4715 emerit
1071 4658 1243 4716 snoeiientius
1259 4659 1294 4717 tie
1311 4659 1370 4732 ipso
1389 4661 1515 4718 buminici
1530 4665 1645 4733 pecnnia
1661 4664 1735 4724 iente
1803 4652 1805 4661 ’

113 4749 179 4804 timu
193 4740 493 4815 Domitiunlprtedieetit
506 4742 899 4814 sempermsedncctsoltonn-
948 4749 1059 4820 poturit.
1072 4746 1183 4820 Legerat
1194 4749 1323 4821 siquidem
1345 4748 1485 4821 Ettnpelia
1503 4750 1582 4806 trium
1602 4751 1735 4824 evangeli·

113 4837 197 4901 uano,
222 4849 282 4890 eum
307 4833 476 4905 permittente
500 4832 585 4888 lieno
605 4831 640 4888 de
658 4832 752 4888 exsilio
775 4831 899 4889 rediisset
948 4847 1061 4905 starum,
1072 4844 1101 4895 et
1111 4839 1302 4910 approbaverat
1312 4840 1389 4896 litlrm
1403 4841 1734 4900 eoruntettoritntemuin

114 4926 266 4997 Ephesum
278 4922 431 4995 oompulstte
442 4922 475 4978 ub
484 4922 616 4993 episcopis
625 4923 705 4986 baim.
720 4921 754 4978 de
765 4931 897 4979 seminent
948 4923 1145 4998 quibusdcesse
1153 4927 1218 4983 uidit
1231 4926 1317 4997 eliqua
1329 4936 1464 4998 pestutum
1474 4942 1562 4985 rerum
1573 4923 1735 4993 insterilem

115 5016 188 5076 enin
198 5006 335 5074 ditltnitete
345 5014 441 5072 cunuti
452 5014 689 5084 seriptitntltersus
695 5011 844 5079 humliter,
853 5012 897 5081 qui
948 5032 980 5074 eu
993 5018 1179 5087 meximeque
1199 5017 1327 5074 [lominus
1341 5017 1424 5088 pessit
1438 5018 1523 5087 primo
1541 5018 1735 5087 penitententia

114 5107 271 5165 mulcente
290 5106 441 5175 irruperant
457 5105 483 5160 in
503 5102 562 5174 eitts
581 5101 733 5168 Ecclesiae,
753 5100 798 5172 nni
822 5100 899 5156 Citri-
947 5090 1004 5161 sum
1016 5111 1144 5176 tempere,
1159 5105 1734 5177 seiliuetnnthuamiuennesliuptitttcian·

114 5206 187 5254 utum
199 5206 261 5252 ante
274 5196 382 5252 ilariem
396 5194 478 5252 tuine
495 5193 637 5265 monebunt.
664 5191 740 5248 Unde
758 5189 854 5247 merito
870 5189 897 5245 in
947 5193 1056 5250 deretur
1069 5195 1096 5249 in
1107 5208 1224 5250 eeroere.
1245 5193 1309 5251 lime
1327 5210 1392 5265 erpo
1409 5194 1485 5266 quasi
1507 5195 1615 5250 nimime
1634 5193 1732 5252 abillis

113 5286 198 5359 mera
212 5295 324 5359 quotuor
340 5284 509 5350 animalium,
524 5282 620 5354 aquilae
643 5280 742 5337 roluntl
759 5294 897 5350 eomputat-
948 5285 1042 5340 scribit
1056 5283 1183 5349 ioannes,
1196 5299 1255 5354 que
1274 5282 1336 5338 lecit
1357 5283 1436 5340 letus
1457 5292 1598 5352 antequam
1617 5281 1733 5339 loannes

114 5384 160 5434 lut·
171 5393 180 5431 ι
192 5389 253 5447 (tute
269 5374 340 5431 tuiti
359 5370 438 5429 aitit'u
449 5372 554 5429 wittb
572 5371 681 5434 1111111.
695 5377 723 5426 ei
732 5368 797 5424 ⁸0¹5*
810 5368 899 5424 “diet
947 5372 1116 5430 clauderetur
1127 5393 1135 5429 ε
1146 5374 1193 5429 secl
1208 5372 1321 5429 ninxitne
1328 5371 1491 5429 tiitinitetem
1501 5371 1600 5429 Christi
1608 5381 1637 5429 et
1643 5372 1732 5429 Trini-

111 5464 315 5522 irreverberatit
326 5459 419 5533 uptett
427 5459 579 5517 inminibus.
601 5458 696 5516 Ceteri
707 5457 804 5530 quippe
815 5471 898 5514 emn-
949 5462 1011 5520 tatis
1023 5463 1176 5535 mysterium
1187 5463 1374 5519 commendere
1386 5462 1499 5518 curarit.
1517 5462 1584 5520 'i'ret
1601 5463 1731 5533 sitptitlnm

110 5554 228 5625 polluite,
247 5554 293 5626 qui
314 5551 486 5626 temporalem
496 5550 595 5607 Christi
608 5549 780 5611 usurientem,
792 5556 821 5604 et
831 5555 899 5604 tetu-
948 5550 993 5606 eiii
1007 5550 1175 5620 evengelistae
1188 5550 1258 5606 elicta
1272 5549 1488 5608 etinctuilomini
1499 5552 1733 5622 temporatimque

112 5642 214 5717 peralta
230 5642 288 5714 ejtu
306 5642 374 5700 lucta
394 5655 454 5713 ntem
472 5639 555 5714 pessit
568 5641 595 5696 in
607 5639 722 5706 bontine,
737 5637 899 5696 mibclenter
949 5637 982 5693 ud
995 5636 1177 5696 intonnnneos
1189 5653 1278 5698 mons
1290 5640 1498 5712 timprmentis
1506 5640 1620 5696 monime
1633 5640 1731 5709 retent,
