4034 6292
86 355 148 410 li'li

85 480 164 539 petra
188 480 422 528 nomomensis
444 476 561 561 fuerunt,
585 483 608 530 et
629 491 715 531 εεειει
738 492 784 546 ρει
805 492 876 532 utute

84 562 248 616 armoiouut·
263 560 360 632 lltquid
375 577 507 631 perlitare
521 566 698 631 tcaitsierunt,
712 566 787 638 quasi
800 581 874 637 quc·

85 666 154 706 rcres
164 653 204 706 ab
215 652 274 718 illo;
288 662 395 709 secutus
407 656 461 722 ait,
471 654 506 710 Et
518 672 657 729 nuncuper
668 656 775 728 lloqoea
789 657 875 728 lupri-

83 743 204 798 stiunt
224 745 363 801 innuiect
376 745 403 805 iu
417 746 482 801 orori
494 745 521 821 (l
534 747 595 803 Cor.
608 765 641 815 x,
657 748 743 821 ld).
760 749 788 805 Si
810 766 874 822 ergo

81 830 161 902 ligura
174 835 261 889 maris
274 843 374 891 teritum
387 837 479 904 ualuit,
494 840 596 908 specics
610 839 736 912 Baptismi
746 851 873 913 quantum

82 923 196 981 valebit!
207 923 237 981 Si
250 918 321 995 qood
331 936 436 998 gesturo
448 937 491 985 εει
506 927 534 984 in
554 929 656 1000 dgnus,
670 933 808 1002 trajectum
824 950 873 1004 no-

82 1014 169 1083 puluur
185 1014 220 1071 ad
232 1031 328 1071 manna
339 1018 549 1090 perduruit-,quid
562 1020 697 1078 exhibebit
710 1023 833 1081 Christus
846 1025 872 1081 in

82 1106 194 1164 ueritate
211 1108 336 1181 baptismi
350 1111 411 1179 sui,
427 1112 538 1183 trajectu
551 1128 599 1183 per
611 1129 673 1170 uum
694 1117 793 1188 popiilo
803 1116 873 1173 suoi

84 1199 130 1255 l¹er
140 1200 304 1272 baptismum
315 1218 393 1258 suum
407 1205 504 1274 trajicit
517 1205 665 1272 eredentes,
678 1208 773 1264 occisis
787 1209 871 1264 omni·

83 1294 129 1348 lius
142 1294 270 1364 peccatis,
286 1304 410 1367 tanquam
421 1296 540 1352 hostibus
554 1300 788 1370 consequentibns,
803 1301 871 1356 sicut

83 1384 106 1438 in
126 1386 175 1440 illu
199 1387 266 1442 mori
279 1401 373 1443 omnes
385 1388 505 1461 Egyptii
520 1392 665 1459 perierunt.
681 1392 739 1459 Quo
757 1394 868 1465 trajicit,

82 1473 175 1532 iratres
190 1476 264 1533 mei?
277 1494 330 1549 quo
343 1478 440 1549 traiicit
453 1496 499 1550 ner
513 1481 676 1551 Baptisnturn
689 1483 778 1551 lesus,
795 1486 870 1554 eujus

84 1566 191 1637 ιιςεεειε
204 1577 269 1624 ιεεε
284 1569 394 1640 gerebat
408 1570 529 1643 lluyses,
543 1575 588 1644 qni
607 1590 740 1643 neumare
754 1576 870 1647 trajicie-

83 1656 141 1713 luti
158 1675 214 1730 quo
237 1660 374 1730 trajicit¹l
395 1662 436 1717 Ad
459 1679 568 1720 ειεεεε.
590 1665 666 1732 Qrtod
689 1676 730 1723 est
752 1670 871 1725 manna?

83 1747 135 1820 Eoo
147 1766 226 1819 mon,
241 1752 344 1823 inquit,
360 1755 433 1825 punio
445 1756 532 1819 mous,
553 1758 598 1829 qui
617 1760 649 1813 de
671 1760 733 1819 coelo
754 1763 871 1825 demendi

83 1838 168 1911 (lomi.
183 1858 229 1911 rt,
243 1842 302 1912 ot).
316 1844 410 1900 uonna
427 1847 562 1919 occipiunt
576 1849 667 1906 lidcles
678 1892 685 1916 ,
697 1852 753 1923 jam
768 1854 869 1925 trajecti

82 1945 126 1999 uer
142 1949 217 1989 mare
238 1933 359 1989 rubrum.
376 1937 464 2004 Quare
476 1953 550 1993 mare
568 1939 698 1994 εειεειει
707 1941 763 2009 jorn
776 1958 868 2011 ruore,

82 2036 159 2088 quare
172 2030 200 2076 ει
212 2022 524 2095 rubrumlSiqnidcabat
536 2042 608 2082 mare
621 2028 685 2084 illud
700 2029 810 2086 nubium
820 2032 869 2087 lte·

82 2112 204 2180 ptisurom
217 2114 330 2171 Cliristi.
350 2115 426 2173 Unde
440 2118 516 2174 rubet
531 2119 678 2189 baptismus
689 2121 805 2190 Clnisti,
818 2124 868 2180 nisi

82 2201 172 2260 Christi
185 2208 316 2278 sanguine
325 2210 515 2264 consecratus?
528 2210 586 2279 Quo
600 2226 664 2281 crgo
678 2213 799 2283 perducit
810 2230 870 2272 cre·

81 2292 168 2351 denter
187 2305 215 2352 ct
228 2297 397 2369 baptizatus?
409 2299 449 2354 Ad
464 2314 570 2355 manna.
588 2302 656 2358 Eece
674 2303 735 2360 dico
749 2320 868 2363 nianno:

82 2398 166 2443 notum
181 2399 224 2445 cst
233 2389 298 2461 quid
309 2391 460 2461 occeperint
470 2390 564 2460 ludaei,
580 2393 693 2465 pupulus
705 2395 755 2453 iste
767 2398 867 2465 lsrael,

82 2484 169 2533 notum
188 2490 230 2535 cst
249 2480 313 2550 quid
341 2481 394 2537 illis
414 2481 526 2553 ριείεεει
539 2483 608 2538 Deras
622 2483 655 2539 de
669 2487 755 2551 ειειες
776 2496 805 2542 ει
823 2503 869 2545 ne·

81 2570 163 2625 scium
178 2571 363 2627 ειιεειιειεεεί
376 2571 438 2641 qnid
452 2573 583 2643 accipiant
593 2573 746 2630 Cliristiani.
763 2577 867 2634 Erube-

80 2669 151 2714 εεεει
160 2675 235 2731 ergo,
248 2661 310 2731 quia
317 2662 449 2727 nesctnnq
457 2670 591 2720 transeant
604 2682 734 2736 peronne
746 2669 867 2740 rnlnum,

82 2751 235 2806 manducent
249 2767 346 2806 monita
361 2769 368 2805 :
384 2761 413 2808 ut
430 2756 564 2825 quuatuclu
583 2759 752 2817 crediderunt
769 2760 797 2816 iu
816 2778 868 2818 no·

82 2840 240 2909 rniueJcsu,
255 2844 332 2899 siuse
343 2842 407 2916 ipsis
420 2847 511 2903 eredat
529 2848 617 2908 iesus.

113 2932 139 2987 ⁵.
151 2931 214 2988 ideo
223 2932 364 3001 intendite,
381 2934 477 2993 iratres
491 2940 554 3007 mei,
568 2942 630 3012 quid
645 2946 806 3014 respondeat
818 2947 868 3005 iste

82 3025 122 3093 qni
136 3036 211 3083 εεειε
225 3029 299 3084 venit
310 3030 342 3083 ad
353 3030 590 3105 lustunssuamnis
603 3036 635 3092 ad
649 3037 740 3094 Jcsurn
754 3043 865 3108 verterit,

82 3128 163 3175 nmen
176 3122 237 3193 quio
251 3132 331 3178 nocte
348 3126 435 3192 uenit,
445 3125 575 3184 adlruede
585 3129 701 3186 tenelrris
714 3133 803 3188 carius
812 3150 867 3189 suar

83 3209 201 3281 loquitur.
216 3211 274 3268 Nun
298 3214 502 3287 intelligitquod
522 3219 599 3274 audit
621 3235 637 3274 a
658 3222 789 3290 Domino,
813 3240 866 3281 nou

82 3301 197 3375 intelligit
207 3305 279 3375 quud
289 3307 389 3362 audita
404 3308 475 3376 luce,
487 3310 687 3380 quseilluminot
696 3330 807 3375 onrricm
816 3317 866 3372 lro-

82 3395 173 3448 minem
184 3396 334 3451 uenientem
349 3397 374 3451 in
388 3397 458 3452 lruuc
470 3399 598 3455 mucidum
611 3400 666 3473 (ld.
681 3418 706 3470 r,
717 3403 755 3478 9).
769 3406 827 3462 loun
841 3410 865 3464 ci

83 3481 203 3539 ὓειείεεε
214 3483 299 3551 dixit,
312 3483 372 3541 llio
384 3487 441 3557 quis
450 3497 524 3543 uolut
537 3490 614 3562 [εεήι
626 3493 719 3560 morto,
730 3512 782 3551 nou
796 3498 866 3553 uide·

83 3572 115 3625 to
134 3589 234 3645 rrqrrum
248 3575 307 3630 Dei.
328 3574 398 3631 Dicit
416 3577 452 3632 od
470 3579 696 3663 cuot0Niooderuur
709 3601 720 3640 .·
734 3586 866 3653 Quomodo

82 3672 155 3732 ρειεει
164 3666 237 3720 domo
249 3667 322 3721 εεεει·
334 3668 437 3722 comsit
450 3672 544 3727 ames?
554 3672 668 3744 Spiritus
681 3675 704 3732 ei
715 3676 833 3748 loquitur
843 3682 864 3749 ¹,

82 3766 107 3810 et
120 3756 161 3813 itte
172 3772 278 3816 carnem
290 3760 370 3831 sapit.
383 3760 496 3818 Carnem
507 3779 582 3821 suam
592 3769 672 3839 sapit,
685 3772 747 3842 qnia
757 3789 864 3831 curnem

82 3845 172 3904 diruti
185 3848 302 3906 nundum
316 3851 395 3922 sapit.
417 3850 484 3908 Cum
507 3855 579 3911 enim
601 3857 711 3917 dixisset
735 3863 863 3920 Dominus

82 3936 169 4005 tem,
182 3940 243 3997 Nisi
251 3944 308 4013 quio
321 3943 509 4003 otuuducooerr't
519 3965 621 4004 corneto
633 3968 723 4019 meunt,
738 3966 763 4009 ct
776 3956 864 4013 diderit

81 4034 219 4103 umquem
240 4052 341 4103 orcum,
361 4054 412 4093 uon
426 4038 524 4096 dolebit
544 4043 571 4097 iu
584 4060 611 4099 te
629 4045 722 4113 uitorn,·
736 4051 864 4106 scandali·

83 4122 129 4176 uti
145 4133 205 4179 sont
225 4125 333 4196 quidam
349 4130 393 4199 qui
410 4145 471 4186 eurn
486 4134 681 4204 sequebantur,
694 4147 722 4193 et
740 4139 864 4199 dixerunt

82 4213 143 4283 apud
155 4216 329 4287 semetipsos,
343 4218 430 4275 lluruo
442 4231 479 4275 cot
493 4222 534 4277 liic
544 4240 638 4293 ternio·
648 4228 704 4297 quio
715 4240 795 4300 potest
807 4250 864 4288 eum

82 4305 321 4364 monstruosam
338 4311 409 4367 euim
424 4311 476 4367 ltuc
488 4312 577 4372 dicere
593 4316 701 4388 lesum,
716 4316 862 4394 quodcum

83 4405 181 4464 ρεεεεει
197 4402 335 4458 correisunt
354 4403 423 4459 sicut
441 4419 537 4475 amium
550 4423 681 4481 coquere,
704 4422 731 4469 et
751 4417 863 4473 mundu-

83 4503 135 4547 otre
145 4511 152 4547 :
162 4493 340 4552 abhorrentes
353 4511 368 4551 a
383 4497 471 4554 uerbis
483 4499 558 4569 ejus,
572 4517 749 4574 recesserunt,
762 4518 789 4565 ει
802 4526 861 4565 aua·

82 4580 140 4647 ulios
152 4599 213 4640 cum
227 4601 281 4641 tion
297 4597 360 4643 sunt
372 4589 466 4645 secuti.
480 4588 525 4646 Sic
537 4591 705 4666 Euangelista
727 4598 860 4671 loquitnrr

82 4667 110 4723 Et
127 4670 315 4747 llomiuuoipoe
327 4678 448 4734 remanat
468 4695 525 4734 cunt
546 4682 704 4742 duodecim:
721 4699 744 4743 ει
769 4689 809 4746 illi
827 4692 862 4746 od

82 4778 144 4831 tun,
159 4765 282 4834 bonone,
298 4784 356 4824 occe
374 4769 416 4826 itta·
436 4772 585 4830 diutioerunt
598 4785 643 4844 tc:
655 4789 680 4834 ει
698 4780 758 4849 ille,
776 4781 862 4839 Nuru-

81 4855 132 4919 qsid
142 4866 166 4911 ει
183 4873 226 4914 ooo
240 4860 316 4914 uultis
329 4862 399 4918 odire
412 4862 443 4918 ἰ
458 4863 606 4924 Ostendere
620 4871 712 4927 volens
724 4874 785 4946 quia
803 4877 860 4947 ipse

82 4944 189 5004 illiserat
198 4954 376 5021 necessarius,
386 4971 440 5011 nou
451 4956 489 5012 illi
503 4960 695 5019 erantCliristo
705 4969 859 5024 riecessurii.

81 5032 112 5091 lle
122 5039 178 5110 quis
192 5049 292 5098 terrm
308 5043 459 5114 cinisum,
473 5051 580 5120 quando
589 5052 685 5111 dicitu
699 5065 728 5111 nt
740 5059 776 5114 stt
786 5060 856 5116 cliri-

81 5128 181 5196 nonne
193 5134 268 5202 quasi
281 5134 385 5191 heatior
398 5138 450 5193 erit
461 5138 600 5212 Christus,
615 5144 638 5200 si
653 5154 679 5201 to
692 5146 774 5205 innuis
787 5151 859 5207 cini-

82 5218 181 5277 mmm.
195 5222 298 5280 Βεεεει
318 5233 361 5283 εει
380 5227 444 5297 tint,
467 5239 497 5286 ut
509 5231 546 5289 sis
566 5233 745 5295 christianus:
762 5257 823 5297 num
836 5244 859 5299 si

83 5320 126 5363 toa
149 5311 243 5379 locris,
268 5317 366 5373 malum
386 5317 494 5379 Christo
519 5338 572 5380 non
591 5328 652 5382 erit.
676 5329 749 5397 Audi
767 5347 859 5390 vocem

82 5396 169 5457 loton
182 5421 190 5457 ε
201 5404 265 5461 dici
275 5405 552 5479 unanimorum
561 5432 587 5470 cr
597 5426 623 5471 ιε
635 5460 643 5486 ,
656 5421 775 5490 quonium
783 5422 860 5480 dono·

86 5504 131 5541 nu
143 5510 250 5551 neormu
264 5517 316 5554 nou
325 5518 381 5571 eqea
392 5501 477 5573 (Ptol.
491 5522 536 5594 xo,
549 5507 588 5583 2).
600 5510 662 5569 ldeu
674 5512 744 5569 Deus
753 5532 823 5571 meur
832 5533 859 5573 rt

112 5646 187 5703 ¹nlti,
199 5645 340 5711 εεριεὶεεει,
354 5656 381 5699 ,ιι
391 5656 454 5707 εει,
467 5653 566 5711 trajicit.

112 5708 222 5764 'taratauc
235 5720 297 5771 uss,
309 5710 416 5761 rltrisuu
425 5712 447 5763 ei
457 5713 568 5779 loquutur.

113 5770 176 5822 'lias
187 5774 223 5823 liic
234 5780 260 5830 el
269 5774 329 5827 inliti
351 5772 418 5828 uultis
429 5774 472 5828 irc.

590 334 593 363 “·
686 344 929 404 ιειειιιιιει
961 348 1073 409 corut
1093 353 1126 413 tt

1646 388 1716 454 etit

929 487 974 544 tn,
990 485 1107 551 quoidam
1117 485 1238 544 duriorum
1252 510 1362 552 tricorum
1383 517 1433 557 nott
1447 520 1513 577 equo.
1523 503 1551 564 Su
1565 508 1648 567 lucris
1659 514 1717 570 siue

930 570 1000 639 lieo,
1016 575 1103 632 urinor
1112 579 1184 647 eris;
1195 582 1218 637 sl
1230 583 1311 642 lucris
1325 605 1385 647 cum
1399 593 1469 663 lleo,
1484 600 1570 670 major
1581 601 1652 659 licus
1663 621 1716 662 non

928 663 988 718 erit.
1002 664 1059 720 Non
1073 684 1106 724 ex
1121 678 1148 726 ιε
1170 672 1216 730 illo
1235 677 1339 749 maior,
1354 683 1401 739 ted
1422 694 1450 741 tu
1471 689 1530 747 sine
1552 691 1597 749 illo
1618 695 1714 752 minor.

926 753 1025 813 Crcsce
1037 775 1101 830 ergo
1113 762 1139 817 in
1154 763 1218 834 illo,
1232 769 1286 826 noli
1309 778 1336 829 te
1354 775 1526 847 subtrahere,
1538 790 1567 839 nt
1578 786 1654 855 quasi
1670 787 1716 843 illo

926 843 1041 902 deiciat.
1054 848 1209 924 tteucteris,
1220 858 1242 913 si
1255 864 1418 932 accesserim
1433 867 1550 937 delicies,
1563 872 1585 927 si
1596 888 1714 931 recesse-

926 936 974 991 ris.
989 936 1092 1011 lnteger
1112 953 1201 1000 manet
1212 955 1238 1003 te
1250 951 1411 1021 accedente,
1426 957 1529 1029 integer
1541 970 1630 1017 monet
1642 971 1670 1019 et
1688 974 1715 1022 to

925 1027 1047 1085 cadente.
1069 1031 1136 1088 Cum
1155 1049 1220 1107 ergo
1240 1038 1353 1098 dixisset
1370 1045 1524 1116 discipulis,
1541 1048 1674 1120 Noorquid
1690 1063 1716 1109 ει

924 1133 968 1173 ooo
978 1118 1053 1174 uultis
1064 1120 1153 1179 ubire?
1164 1128 1300 1195 respondit
1309 1128 1413 1201 Petrus,
1425 1144 1498 1204 petra
1512 1138 1566 1207 illa,
1579 1156 1645 1199 t'oou
1655 1157 1713 1200 oro·

925 1210 1019 1279 nium,
1037 1210 1164 1284 Douriue,
1185 1218 1219 1271 od
1236 1235 1309 1289 quem
1327 1222 1437 1281 lirinum?
1452 1226 1533 1283 Verbo
1546 1230 1603 1285 ultoe
1613 1241 1714 1289 ιειεηιει

924 1301 1011 1358 liabeo.
1027 1303 1098 1360 iletre
1112 1308 1200 1377 sonuit
1219 1310 1245 1364 in
1260 1326 1306 1368 ore
1318 1313 1400 1384 ipsius
1412 1331 1476 1372 earo
1495 1319 1608 1376 Domini.
1624 1322 1713 1380 borni·

925 1407 975 1446 nius
990 1403 1080 1450 autern
1094 1399 1216 1467 exposuit
1228 1400 1278 1464 eis,
1289 1413 1315 1458 et
1327 1403 1409 1472 dixit,
1421 1405 1533 1479 Spiritus
1546 1421 1584 1467 est
1594 1414 1637 1485 qui
1649 1413 1713 1469 oiri·

923 1485 984 1551 ficut
997 1499 1008 1540 .·
1021 1500 1081 1541 curn
1104 1487 1233 1557 dixisset,
1254 1491 1315 1549 il'iri
1332 1496 1388 1566 quio
1409 1500 1596 1557 mmrduroucrit
1612 1520 1713 1560 curnem

923 1590 1022 1643 orcum,
1036 1585 1060 1630 ει
1078 1576 1164 1633 diderit
1182 1583 1329 1654 sanquinem
1342 1604 1444 1657 meum,
1466 1607 1517 1646 uon
1537 1592 1636 1650 ltodeiit
1648 1596 1675 1650 iu
1687 1612 1715 1651 te

923 1665 1018 1731 citatam
1037 1682 1070 1722 ne
1088 1671 1230 1728 carnaliter
1250 1674 1442 1746 intelligerent,
1462 1680 1574 1751 Spiritus
1594 1693 1649 1753 ert,
1672 1685 1714 1742 io·

923 1757 993 1826 quit,
1009 1760 1052 1827 qui
1065 1760 1182 1831 citifirot,
1194 1779 1253 1818 curo
1265 1776 1350 1821 outcrn
1360 1770 1424 1825 uilail
1433 1774 1534 1841 prodest
1547 1790 1558 1831 .·
1569 1764 1712 1849 notoque

924 1846 1022 1903 loeutm
1043 1867 1098 1905 oum
1125 1852 1215 1921 colit,
1242 1855 1346 1927 spiritum
1367 1868 1404 1914 cot
1429 1869 1452 1915 rt
1475 1862 1526 1917 oito
1551 1863 1643 1936 (loon.
1665 1880 1710 1935 ιι,

922 1938 1028 2010 tout).

957 2029 984 2083 6.
1001 2029 1076 2085 llunc
1088 2032 1210 2101 spiritum
1232 2045 1260 2091 ει
1274 2036 1342 2093 lione
1353 2038 1433 2095 ritant
1452 2057 1505 2098 non
1523 2045 1641 2116 sapiebat
1661 2048 1711 2105 istu

922 2119 1099 2190 Nicodemum,
1119 2125 1164 2195 qui
1178 2135 1256 2183 noete
1268 2136 1377 2186 uenerat
1389 2131 1422 2188 ad
1444 2132 1545 2192 lesum.
1563 2138 1608 2193 Ait
1619 2139 1645 2195 ei
1666 2139 1711 2197 Ju-

921 2224 987 2265 sns:
1004 2208 1065 2265 Nisi
1076 2213 1132 2284 quio
1145 2224 1221 2269 notus
1233 2217 1309 2288 suerit
1319 2218 1420 2285 dentre,
1434 2226 1519 2278 uouoi
1537 2226 1587 2281 elit
1606 2244 1712 2301 reqrtuut

921 2297 981 2354 tter.
996 2300 1030 2357 Et
1051 2302 1096 2358 ille
1109 2318 1216 2360 earnem
1230 2319 1305 2362 suam
1318 2309 1440 2378 sapiens,
1458 2312 1484 2367 in
1496 2314 1572 2384 errius
1586 2330 1633 2373 ure
1646 2333 1712 2374 non·

921 2389 985 2445 dunt
998 2392 1117 2463 sapiebat
1128 2408 1191 2449 caro
1202 2394 1300 2452 illinisti
1313 2415 1321 2451 r
1337 2399 1488 2467 Quouroclo,
1507 2403 1610 2476 inquit,
1632 2417 1712 2477 potest

922 2481 1007 2546 luorico,
1022 2499 1080 2537 cunt
1093 2482 1227 2554 titiones,
1240 2487 1330 2542 iterum
1343 2491 1433 2546 trucci?
1448 2490 1580 2563 Numquid
1591 2506 1670 2564 potest
1683 2500 1711 2554 iu
1781 2565 1787 2571 ‚

921 2582 1031 2625 εεειεεεε
1050 2575 1200 2628 mutuorum
1212 2574 1303 2630 iterum
1316 2579 1439 2646 introire,
1454 2592 1478 2637 ct
1487 2585 1557 2639 rrurci
1564 2585 1578 2640 l
1591 2585 1647 2643 Non
1660 2602 1710 2644 no·

921 2669 997 2716 serat
1008 2663 1059 2718 isle
1072 2663 1121 2718 nisi
1135 2679 1213 2719 unum
1226 2666 1391 2724 nativitatem
1406 2685 1439 2726 ex
1452 2672 1535 2728 Adam
1553 2684 1580 2731 ct
1598 2677 1666 2745 Euat
1677 2694 1711 2735 ex

922 2751 977 2806 Deo
990 2761 1018 2806 et
1037 2753 1155 2810 Ecclesia
1169 2755 1286 2811 nondum
1305 2769 1416 2815 nouerat
1432 2778 1439 2815 z
1458 2778 1509 2816 non
1530 2775 1641 2822 nouerat
1659 2768 1711 2824 nisi

921 2858 969 2919 ¹cns
983 2854 1107 2915 porcantes
1118 2846 1163 2916 qui
1176 2860 1303 2916 genuerant
1316 2849 1348 2905 od
1363 2864 1486 2926 mortem3
1498 2856 1614 2913 nondum
1628 2875 1711 2917 notu·

922 2943 963 2988 rat
973 2950 1021 2991 cos
1036 2946 1158 3006 parentes
1169 2938 1213 3008 qui
1227 2949 1356 3009 generant
1368 2940 1401 2997 ad
1419 2945 1499 2999 uitam
1511 2962 1519 3000 z
1532 2962 1585 3003 non
1599 2963 1711 3006 nouerat

921 3023 971 3078 nisi
983 3040 1031 3081 eos
1045 3036 1169 3096 parentes
1183 3028 1228 3101 qui
1244 3039 1372 3123 generant
1385 3045 1577 3101 successuros;
1592 3038 1709 3096 nundum

920 3123 1032 3174 nouerat
1045 3131 1091 3171 eos
1105 3117 1150 3187 qni
1164 3131 1270 3189 semper
1279 3120 1399 3177 virentes
1416 3133 1542 3194 generant
1554 3143 1710 3197 permansu-

921 3219 975 3259 ros.
987 3203 1053 3260 Cum
1063 3220 1128 3277 erqo
1140 3206 1194 3261 sint
1203 3208 1264 3265 dure
1279 3209 1447 3280 nativitates,
1461 3214 1505 3272 ille
1517 3232 1594 3273 unam
1610 3218 1710 3277 lntelli·

919 3295 1007 3367 gebat.
1022 3295 1079 3353 Uno
1104 3305 1146 3353 est
1167 3297 1200 3353 de
1224 3307 1312 3366 terra,
1332 3301 1384 3357 alia
1406 3303 1533 3374 deeoelo;
1548 3323 1601 3364 una
1615 3319 1657 3367 est
1676 3311 1711 3369 do

919 3402 1009 3452 carne,
1023 3387 1073 3442 alia
1087 3388 1122 3445 de
1133 3389 1250 3460 Spiritu3
1261 3407 1314 3447 una
1326 3403 1368 3449 est
1380 3392 1415 3450 du
1426 3397 1596 3465 mortalitate,
1611 3402 1663 3459 olla
1675 3403 1710 3461 de

918 3480 1077 3546 mtcrriitate3
1094 3496 1144 3535 una
1157 3491 1198 3543 cst
1208 3482 1243 3556 de
1257 3485 1375 3541 masculo
1385 3496 1413 3543 et
1425 3485 1534 3556 lentitia,
1545 3491 1595 3546 alia
1608 3493 1642 3549 de
1654 3494 1710 3551 lieo

918 3578 946 3625 et
958 3570 1087 3627 Ecclesia.
1103 3569 1157 3627 Sed
1178 3571 1242 3642 ipstc
1256 3573 1315 3653 dure
1325 3576 1435 3646 singulm
1447 3587 1522 3643 snnt;
1536 3597 1586 3637 nee
1603 3583 1646 3637 illa
1665 3600 1711 3656 po·

919 3669 970 3716 test
982 3662 1083 3731 renuti,
1100 3676 1148 3718 nco
1162 3662 1215 3717 illa.
1228 3662 1309 3720 lleetc
1324 3664 1453 3723 intellexit
1466 3668 1625 3737 Nicodemus
1641 3674 1709 3730 nati·

918 3753 1025 3809 uitatem
1039 3753 1125 3809 earinis
1139 3770 1146 3807 :
1161 3754 1199 3810 sio
1208 3762 1236 3811 et
1248 3764 1276 3811 tu
1287 3755 1404 3829 intellige
1415 3758 1576 3817 nativitatem
1588 3764 1708 3836 spiritus,

917 3842 1051 3913 quomodo
1081 3844 1209 3900 intellexit
1237 3844 1398 3903 Nicodemus
1422 3850 1585 3906 nativitatem
1610 3856 1708 3912 carnis.

917 3932 986 4001 Quid
1012 3932 1173 3990 Nicodemus
1196 3934 1346 3993 intellexitl
1371 3935 1504 4010 Numquid
1530 3950 1609 4009 potest
1633 3944 1709 4000 doario

916 4023 999 4078 denuo
1013 4025 1040 4080 in
1062 4034 1172 4081 ceutreot
1190 4026 1277 4081 metris
1293 4042 1348 4082 oum
1366 4028 1475 4097 introeo,
1498 4040 1521 4087 et
1542 4033 1632 4090 nosci?
1645 4034 1705 4102 Sic,

916 4117 1074 4188 quicumque
1086 4116 1133 4173 tibi
1147 4117 1244 4174 dixerit
1256 4126 1287 4174 nt
1306 4118 1478 4189 spiritualiter
1495 4123 1590 4180 iterum
1609 4142 1704 4184 noseo-

916 4206 970 4276 ris‚
985 4208 1116 4280 imponde
1129 4210 1199 4282 qnod
1212 4210 1279 4266 dixit
1289 4210 1466 4297 Nicodemus,
1482 4212 1614 4289 Numquid
1626 4228 1708 4291 potest

915 4298 990 4354 doato
1002 4302 1092 4356 iterum
1109 4301 1136 4357 in
1154 4313 1263 4359 uentrem
1278 4305 1366 4359 neutris
1377 4322 1430 4361 oum
1441 4306 1552 4373 intrare,
1574 4319 1598 4365 rt
1617 4314 1709 4369 mori?

914 4390 972 4452 Jatu
988 4403 1065 4449 nattis
1078 4409 1136 4451 sum
1149 4395 1182 4451 de
1196 4395 1291 4464 lldant,
1304 4412 1356 4453 non
1367 4414 1410 4452 me
1420 4399 1611 4468 potestiterum
1625 4419 1706 4476 gene-

914 4501 975 4542 rare
994 4485 1079 4543 lldarn
1093 4502 1100 4541 t
1112 4486 1168 4557 jam
1181 4499 1258 4545 natus
1271 4503 1330 4544 sum
1342 4488 1511 4560 decinisto,
1532 4509 1585 4549 nun
1599 4511 1642 4552 me
1657 4513 1706 4567 po-

914 4585 966 4632 test
977 4578 1072 4633 iterum
1087 4593 1215 4649 generare
1230 4580 1361 4636 Clrristns.
1382 4581 1521 4650 eromudo
1541 4597 1632 4644 uterus
1652 4604 1706 4644 uun

914 4677 1002 4739 potest
1012 4669 1113 4740 repeti,
1127 4671 1166 4726 sic
1178 4686 1227 4727 nec
1238 4672 1398 4742 Baptismus.

949 4762 976 4817 i.
991 4761 1042 4830 Qui
1057 4763 1174 4819 irascitur
1187 4763 1221 4819 de
1234 4763 1352 4821 Ecclesia
1365 4764 1512 4834 catholica,
1529 4774 1654 4842 unquam
1671 4771 1706 4828 do

913 4852 979 4909 Sam
1000 4853 1008 4886 ¹
1030 4854 1166 4920 nascitur,
1185 4854 1219 4909 du
1232 4854 1314 4912 liltcra
1334 4855 1452 4913 nascitur
1463 4876 1470 4913 ε
1483 4863 1527 4930 qui
1541 4861 1659 4917 nascitur
1672 4866 1706 4920 dc

913 4943 1030 5014 heresi,
1047 4952 1171 5017 tanquam
1184 4945 1219 5003 de
1232 4946 1326 5002 aneilla
1340 4948 1476 5016 noscitur,
1493 4948 1541 5007 sed
1559 4954 1705 5009 exsemine

912 5034 1426 5094 Abralram.Aduertatcltaritasvestra
1437 5053 1515 5111 quam
1526 5056 1704 5112 magnumsa-

913 5136 1089 5182 crumentum.
1108 5125 1233 5183 Testatur
1246 5127 1333 5195 Decus,
1349 5138 1375 5183 et
1393 5125 1477 5193 dicit,
1497 5128 1553 5202 qu
1565 5148 1622 5187 rum
1635 5132 1706 5189 Dura

913 5215 1052 5286 Atratum,
1067 5227 1092 5273 ει
1103 5217 1173 5274 Deua
1182 5216 1275 5286 irone,
1285 5228 1308 5274 et
1321 5219 1393 5275 Deru
1402 5219 1493 5276 Jocod.
1504 5222 1562 5278 Non
1573 5234 1649 5280 erant
1659 5227 1705 5281 alii

914 5308 1090 5380 patriarchae?
1103 5326 1154 5366 non
1167 5320 1225 5366 erat
1237 5321 1299 5368 ante
1311 5313 1376 5369 istos
1391 5322 1500 5370 sanctus
1510 5313 1585 5384 Noe,
1598 5316 1643 5388 qui
1658 5332 1704 5372 so-

914 5400 956 5456 lus
968 5402 994 5456 in
1011 5410 1173 5473 tutogenere
1188 5402 1374 5459 humunocum
1390 5413 1442 5460 tuta
1457 5405 1537 5461 durno
1549 5421 1596 5460 sua
1608 5406 1703 5459 merrtit

914 5491 949 5547 de
965 5492 1065 5549 diluvio
1078 5492 1184 5550 liberari
1195 5537 1202 5559 ,
1215 5495 1240 5549 ln
1251 5510 1305 5565 quo
1314 5504 1340 5550 ot
1357 5496 1384 5549 iu
1397 5495 1458 5549 lillis
1471 5493 1529 5563 ejus
1539 5496 1647 5562 agninam
1661 5506 1703 5549 cst

914 5580 1703 5654 Ecclesiaibiqnoportontecuaduntdilutium(denuost).

916 5669 1114 5741 lteindepostca
1127 5673 1214 5743 nnagni
1224 5673 1430 5744 quosnuuimns,
1439 5689 1508 5747 quos
1527 5690 1617 5734 saiicto
1633 5680 1704 5737 Scri-

968 5791 994 5835 tu
1003 5790 1054 5835 uss.
1068 5783 1106 5834 lile
1117 5792 1143 5836 ct
1153 5782 1209 5834 olilu
1221 5790 1367 5849 muniantur,
1379 5794 1461 5851 suro,
1473 5789 1623 5856 umiduplici
1632 5807 1668 5843 rr.
