4034 6292
81 385 164 452 ,1798
622 376 826 436 mactatus
844 373 934 434 diiii.
953 374 1068 433 CAPUT
1086 372 1156 432 xlii.
1665 380 1735 441 mg

97 501 203 557 msere
214 515 283 566 cassu
293 506 426 570 propterea
437 509 498 551 stas,
513 509 524 548 .·
538 492 597 548 lios
613 492 671 549 ertia
685 491 774 547 mendi
787 506 883 547 οιιιειεε.
941 486 1362 560 ipso,ethumiliteretveraeiier
1374 487 1535 559 glorlsreiur
1549 508 1557 546 ε
1570 502 1734 564 guonramet

97 592 160 663 Quid
175 589 374 663 bocnpertiusi
387 586 502 645 Proinde
515 585 548 641 nd
562 585 698 656 sequentia
709 592 885 638 transeamus.
940 582 997 652 ipse
1003 580 1352 654 pracepitmguigioriatur
1362 581 1735 658 inbominoglorieturillicr.

125 684 155 739 a„
169 683 310 752 Portemus
323 698 382 752 erpo
395 681 455 735 lorii
468 677 543 746 pedes
555 692 658 741 coruos,
670 685 694 730 et
706 672 886 744 accepitacsti·
940 689 958 742 ι,
968 672 1025 747 δι).
1038 672 1113 730 itane
1126 688 1179 731 non
1194 673 1301 730 timeret
1313 673 1502 744 insipientiam,
1510 677 1533 733 si
1541 677 1648 748 gloriari
1656 679 1735 736 sellei

96 789 176 834 uesta
197 793 263 841 ssa;
285 790 341 829 cunt
360 771 512 827 rmslairret
530 769 636 833 iterum,
658 766 721 820 ditat
736 764 771 819 eia
786 779 795 819 .·
810 761 887 819 δάκε
940 766 1240 837 amatorsapientiae3et
1251 766 1277 821 iu
1288 767 1423 839 gloriasua
1437 767 1542 824 timeret
1555 768 1734 841 insipientiam

96 870 152 946 quis
167 869 273 943 [aerim
289 866 379 922 emisi
391 864 465 920 Nunc
478 871 521 918 est
534 869 563 916 ιιι
576 860 655 915 bento
669 857 747 913 Petro
761 854 887 911 redii-allii·
939 859 996 931 ipsa
1004 861 1146 931 sapientiai
1153 859 1211 916 lion
1220 862 1542 934 timuitarrogantiamgui
1551 862 1627 930 dixit,
1638 864 1651 920 l
1656 865 1737 921 alio-

96 965 135 1021 illa
153 959 298 1032 promissio
317 957 439 1014 :dilatus
451 952 522 1011 euim
538 953 636 1015 iuerat,
652 947 759 1020 quando
770 959 886 1016 expate-
939 953 1174 1008 semimodium
1199 954 1284 1008 eniam
1310 971 1365 1009 suec
1385 953 1472 1025 (Psal-
1487 971 1589 1026 xsstu,
1603 956 1633 1030 i)
1645 973 1654 1025 3
1667 966 1695 1014 ει
1708 960 1733 1016 ir,

97 1052 194 1119 stellis
212 1059 239 1105 0²
250 1049 362 1114 dictust.
381 1046 442 1101 N⁰¹¹
451 1043 547 1100 lamii
557 1041 619 1096 mili
633 1040 707 1111 vellet
716 1040 885 1103 inmeritum.
941 1043 1073 1100 laudcsua
1084 1044 1189 1100 timeret
1197 1045 1375 1116 arrogantiam
1389 1053 1507 1116 potestas
1520 1046 1636 1112 Domini.
1645 1048 1672 1102 in
1684 1063 1736 1119 qua

97 1156 250 1213 responsum
270 1148 313 1195 est
332 1139 372 1206 ei,
394 1135 470 1205 Quod
490 1149 536 1207 ²90
550 1133 633 1205 iccio,
651 1142 679 1185 ll
697 1130 775 1186 '1²⁸⁶il
793 1127 884 1194 illm·
940 1134 1735 1209 laudaturanimnserviilos,inquit,socutismelinpister,

95 1234 151 1290 scier
160 1242 251 1286 sutem
261 1239 347 1300 posim
361 1225 441 1298 (Ibid-
454 1227 481 1290 8·
495 1224 534 1295 7)·
549 1222 670 1278 Εθθθθθῑ
682 1220 768 1291 ipsum
779 1227 886 1289 illlleii
940 1235 964 1282 et
975 1226 1086 1283 Domine
1097 1242 1107 1281 .·
1120 1238 1145 1283 et
1158 1227 1219 1283 berse
1233 1226 1328 1293 dicitis·
1337 1244 1393 1283 suus
1402 1229 1502 1283 ciceion.
1515 1229 1577 1286 ldeo
1590 1229 1659 1286 bene
1668 1229 1736 1286 dici-

93 1328 142 1398 Jsm
164 1335 272 1394 tempus
293 1333 333 1377 est
352 1332 380 1377 ut
402 1319 506 1376 dicatu
524 1315 595 1387 quod
608 1314 687 1386 paulo
701 1320 764 1368 ²le
775 1311 887 1366 dilatum
940 1319 991 1385 lis,
1012 1318 1073 1389 quia
1087 1333 1145 1374 sum
1161 1335 1169 1374 s
1185 1318 1282 1374 tiamsi
1295 1333 1348 1375 non
1361 1333 1448 1376 essem
1462 1318 1534 1390 quod
1547 1318 1653 1385 dicitis,
1668 1319 1737 1375 mule

95 1429 139 1475 est.
153 1417 259 1498 llernor
271 1414 359 1485 itaque
371 1410 499 1467 boninus
511 1422 541 1465 sc
557 1404 710 1477 promisisse
721 1402 775 1474 ium
787 1399 887 1456 dudum
940 1407 1086 1475 diceretis,
1105 1409 1210 1465 etiamsi
1231 1425 1275 1465 me
1293 1409 1446 1467 laudaretis.
1460 1409 1601 1479 Quomodo
1613 1424 1679 1482 ergo
1691 1424 1739 1466 ne·

97 1510 232 1567 scientiam
247 1506 308 1562 iacti
322 1504 364 1560 sui
377 1511 432 1559 itm
442 1499 589 1571 inopinati,
603 1506 656 1552 ἰεῦ]
670 1493 818 1559 mirabills,
833 1499 887 1545 ¹²⁰¹
940 1508 1014 1570 garet
1036 1499 1153 1568 ueritas,
1174 1499 1245 1571 quod
1265 1499 1359 1556 dicunt
1378 1501 1499 1571 discipuli
1521 1501 1660 1559 veritatlsi
1672 1515 1739 1571 quo·

94 1600 305 1673 expavescendi,
330 1606 357 1654 et
379 1596 430 1651 nisi
454 1595 511 1664 ipse
531 1589 703 1647 veliementer
725 1585 886 1650 terruisset,
940 1588 1021 1645 modo
1042 1590 1112 1661 quod
1131 1589 1223 1646 dicunt
1236 1592 1280 1662 uui
1293 1591 1456 1660 didicerunt,
1472 1600 1582 1664 negaret
1597 1593 1654 1663 ipsa
1667 1590 1739 1648 uude

97 1698 162 1753 nullo
173 1694 259 1751 ruodo
270 1689 384 1754 sinendi,
396 1698 426 1745 ut
439 1687 569 1758 magister
578 1700 631 1740 non
643 1691 745 1738 tautum
758 1679 886 1749 iptorum.
940 1682 1112 1740 didicerunt?
1134 1681 1274 1752 Quomodo
1296 1683 1356 1740 lons
1377 1694 1455 1756 negat
1477 1685 1549 1756 quod
1562 1683 1656 1741 bibens
1668 1698 1739 1757 prte-

95 1789 137 1845 sed
157 1786 338 1858 Angelorum.
362 1790 389 1838 ei
411 1778 539 1836 Dominus
558 1792 611 1834 1¹0¹·
632 1783 734 1831 linium
752 1774 886 1842 ipsorum.
940 1774 1031 1831 dicati
1043 1775 1177 1846 quomodo
1189 1777 1234 1831 lus
1248 1778 1364 1832 occultat
1375 1777 1447 1846 quod
1463 1777 1554 1833 uidens
1569 1776 1689 1833 iudicati

95 1882 136 1938 sed
158 1895 251 1936 rerum
273 1878 409 1942 omnium,
435 1873 536 1928 lavaret
555 1869 636 1939 pedes
655 1865 846 1939 discipulorum
861 1868 889 1917 et
975 1868 1003 1922 i.
1020 1884 1030 1918 r
1047 1866 1075 1922 si
1090 1881 1174 1937 ergo,
1188 1867 1287 1938 inquit,
1303 1883 1354 1939 ego
1367 1869 1417 1924 lari
1433 1869 1516 1940 pedes
1527 1878 1631 1925 vestrm
1645 1867 1739 1926 Domi·

94 1987 229 2027 merorum
251 1983 360 2025 suorum
383 1982 390 2018 :
414 1963 494 2033 buius
513 1975 578 2030 ergo
597 1959 662 2018 tertii
684 1958 746 2014 iacti
760 1959 886 2029 quonism
940 1972 992 2014 uus
1009 1964 1038 2014 et
1055 1958 1194 2030 blagisier,
1209 1958 1313 2014 debetis
1333 1967 1360 2015 ei
1379 1975 1428 2014 rus
1442 1960 1512 2016 alter
1525 1959 1634 2017 alterius
1648 1960 1740 2015 lavare

95 2061 250 2131 promiserat
275 2056 413 2113 scientinm
437 2052 549 2117 dicens,
574 2049 645 2106 Scies
671 2059 756 2105 estem
776 2059 887 2122 potteu,·
940 2047 1032 2117 pedes.
1044 2046 1204 2118 Exerrtplum
1214 2047 1285 2104 enirn
1295 2047 1357 2104 dedi
1369 2049 1460 2116 robis,
1473 2060 1503 2106 ut
1514 2049 1737 2122 quemadmodum

93 2153 150 2224 quid
162 2152 199 2208 sit
213 2148 286 2221 quod
300 2147 381 2212 iecit,
396 2144 494 2199 docere
508 2155 578 2197 nunc
589 2139 691 2211 incipit.
939 2155 990 2212 ego
1010 2139 1060 2197 ieci
1083 2140 1174 2209 vobis,
1197 2151 1225 2197 et
1245 2155 1293 2200 ros
1309 2142 1346 2198 ita
1364 2143 1476 2199 iacietis.
1493 2163 1504 2199 ι
1518 2143 1576 2202 lioc
1588 2155 1647 2212 est,
1660 2144 1739 2203 beate

124 2247 148 2301 ι.
175 2242 244 2308 l'os,
260 2240 364 2311 inquit,
379 2235 474 2292 nocetis
486 2250 544 2299 nse,
560 2231 702 2304 liupster,
718 2239 741 2285 rt
757 2229 887 2285 Dorias:
940 2231 1037 2298 Petre,
1048 2231 1119 2303 guod
1130 2233 1286 2301 nesciebas,
1299 2233 1474 2305 quandolleri
1486 2250 1541 2292 nou
1554 2235 1671 2292 sinebas.
1684 2236 1739 2293 lloc

92 2337 190 2393 ssim
209 2333 316 2397 dicitis,·
333 2347 391 2386 sara
409 2328 509 2384 etenim.
528 2324 597 2381 Bene
609 2323 707 2391 dicitis,
721 2323 782 2394 quia
795 2338 887 2379 rerum
941 2325 988 2382 tibi
1004 2335 1095 2396 postea
1108 2327 1246 2384 sciendum
1256 2327 1380 2399 promisit
1391 2369 1400 2396 ,
1413 2328 1519 2401 quaudo
1530 2339 1558 2386 ut
1570 2329 1673 2385 sineres
1683 2338 1739 2386 ter·

93 2428 193 2497 dicitis3
217 2441 278 2482 snm
297 2425 394 2497 quippe
407 2420 479 2494 quod
491 2417 590 2476 dicitis.
606 2415 712 2473 Homini
726 2425 887 2486 praeceptum
940 2419 995 2473 ruit
1018 2427 1044 2474 te
1064 2418 1188 2490 Magister
1207 2427 1269 2475 tuus
1284 2427 1313 2477 ει
1327 2419 1456 2476 Dominus
1468 2430 1541 2485 tuus,
1555 2422 1646 2477 lauans
1657 2420 1740 2494 pedes

91 2531 145 2580 cst.
169 2519 235 2575 Nos
251 2527 275 2573 tr
293 2516 380 2571 lusdet
397 2528 427 2567 os
445 2522 516 2565 susm
527 2549 535 2575 ,
548 2508 593 2564 sed
604 2507 727 2561 laudetis
739 2522 767 2561 os
779 2506 888 2579 prosilui
941 2508 1010 2562 tuos.
1024 2509 1184 2576 didicimus,
1197 2508 1314 2579 iratres,
1327 2511 1503 2568 bumilitatem
1515 2513 1550 2568 ab
1560 2513 1690 2581 Eseelso;
1702 2513 1741 2570 is·

92 2614 126 2663 tri
145 2610 239 2680 (l’rcr.
260 2621 354 2671 stru,
373 2601 413 2674 δ).
429 2597 611 2680 Periculosum
624 2604 666 2653 esi
677 2597 748 2653 enim
763 2595 815 2652 sibi
828 2596 887 2669 pls·
940 2598 1044 2655 ciamus
1056 2599 1170 2656 irruicem
1183 2599 1317 2666 humiles,
1329 2601 1400 2672 quod
1415 2600 1552 2659 humiliter
1565 2602 1629 2660 iecit
1640 2604 1737 2660 Excel-

90 2715 161 2766 cere,
176 2700 224 2756 cui
239 2692 387 2754 carendum
400 2700 441 2749 εει
454 2690 602 2763 superbire.
617 2689 665 2745 lile
680 2697 768 2745 autem
782 2689 827 2761 qui
840 2704 888 2745 su·
941 2703 996 2745 sus.
1019 2690 1112 2763 lingna
1127 2700 1169 2747 est
1182 2691 1241 2748 baec
1252 2691 1451 2750 commendatio
1464 2693 1621 2752 lrurniiitatis
1636 2711 1644 2751 ι
1659 2705 1688 2753 ει
1699 2696 1739 2753 ia·

91 2793 238 2865 peromnia
249 2800 307 2857 esi,
322 2796 566 2855 uuantumcumque
578 2799 609 2843 se
622 2784 728 2851 laudet,
739 2799 792 2840 non
803 2799 833 2840 se
842 2800 889 2841 es·
941 2782 1014 2837 ciunt
1034 2780 1085 2839 sibl
1105 2782 1156 2838 ltoc
1169 2781 1280 2840 invicem
1294 2784 1402 2852 iratres,
1418 2786 1499 2842 eiiam
1511 2799 1593 2858 opere
1606 2788 1664 2858 ipso
1675 2789 1741 2845 sisi·

91 2886 152 2941 tollit
168 2882 296 2941 excelsus
316 2897 324 2935 ε
342 2893 392 2935 nee
406 2884 495 2949 potest
508 2884 582 2932 recte
593 2874 647 2931 dici
662 2888 791 2946 arrogans
806 2876 887 2932 bears.
942 2871 1000 2940 bili,
1011 2889 1072 2929 cum
1082 2888 1112 2929 se
1123 2872 1236 2931 invicem
1247 2874 1363 2945 bospitio
1376 2874 1523 2947 recipiunt;
1534 2886 1576 2934 est
1588 2878 1659 2934 cutim
1669 2880 1741 2951 apud

91 2975 166 3032 ilobis
177 2987 298 3046 namque
311 2969 419 3042 expedit
432 2983 495 3025 eum
508 2980 607 3033 nosse,
620 2979 674 3021 non
691 2965 727 3019 illi
744 2982 751 3019 z
769 2978 889 3020 neceam
942 2965 1085 3034 plerosque
1108 2964 1274 3021 consuetudo
1298 2966 1376 3037 buius
1398 2966 1577 3035 humilitatis,
1600 2986 1684 3043 usque
1705 2972 1740 3029 ad

91 3069 199 3140 quisque
212 3062 369 3135 eogrsoscii,
384 3061 407 3116 si
421 3047 474 3114 non
488 3073 519 3114 sc
528 3054 696 3135 iudicetipse
707 3056 751 3126 qui
765 3056 849 3112 stetit.
861 3055 889 3113 si
941 3052 1040 3112 iactum
1062 3070 1114 3126 quo
1135 3066 1260 3111 cernatur
1278 3071 1417 3129 expressa.
1438 3058 1513 3116 Unde
1525 3060 1669 3133 Apostolus
1678 3079 1740 3119 curn

91 3174 149 3229 ergo
163 3172 219 3212 ooo
234 3147 889 3220 sclaudastdoquasiarrogsruiamsitarerolue·
942 3144 1050 3202 viduam
1071 3146 1281 3204 benemeritam
1305 3149 1530 3225 commendaret,
1552 3151 1585 3207 δι’
1606 3154 1740 3225 bospitio,

36 3241 37 3306 Ῠ
91 3249 141 3316 sit,
162 3246 246 3304 nobis
267 3238 594 3315 sapientiamdenegabit.
609 3221 814 3311 Ettna¹gistrum
828 3238 889 3310 qui·
943 3237 1040 3308 iriquii,
1055 3239 1156 3310 recepit,
1170 3239 1193 3294 si
1206 3249 1352 3294 rusciorum
1367 3239 1664 3315 periesluoitsslims,
1682 3246 1739 3319 iti).

89 3340 146 3398 len
158 3339 236 3412 quod
251 3353 282 3395 se
295 3350 356 3394 εεεε
369 3332 455 3400 dicit,
468 3346 549 3389 tremo
563 3332 793 3405 reprehenderet,
809 3333 890 3389 etiam
944 3327 1057 3400 Etapud
1070 3338 1177 3385 sanictos
1190 3330 1351 3403 ubicumque
1368 3333 1426 3388 lrac
1436 3335 1602 3391 comitetudo
1617 3351 1671 3391 non
1680 3344 1739 3404 est,

36 3431 37 3512 J
91 3433 131 3503 psi
151 3446 215 3488 eum
241 3428 308 3486 nibil
331 3440 394 3484 eme
412 3423 485 3482 aliod
505 3437 585 3495 quam
600 3423 890 3492 hominemcrederet3
944 3420 1015 3493 quod
1036 3437 1116 3477 mauu
1134 3437 1186 3477 non
1205 3421 1321 3492 iaciunt,
1334 3424 1546 3505 eorde‘iaciunt,
1561 3427 1583 3483 si
1596 3427 1623 3483 in
1635 3428 1742 3486 illorum

89 3525 213 3595 quoniam
230 3520 260 3577 id
271 3519 412 3592 pmdtetur
424 3515 495 3588 guod
509 3517 599 3587 stipsi
609 3514 732 3573 homines
744 3516 772 3572 in
782 3516 893 3588 quibus·
944 3528 1058 3570 numero
1070 3524 1132 3570 suot
1143 3515 1349 3587 utribusdicitur
1360 3516 1387 3572 ln
1399 3516 1500 3589 hymno
1511 3518 1650 3578 beatorum
1660 3523 1741 3580 trium

36 3657 37 3660 ,
91 3614 152 3673 libet
171 3613 282 3671 artibus
296 3627 381 3683 usque
395 3608 463 3666 adeo
477 3609 700 3682 sinearrogantia
715 3608 891 3698 profitentur,
946 3606 1080 3674 uirorum,
1100 3605 1259 3677 listretlicite,
1277 3608 1393 3665 mordet
1405 3609 1512 3666 ιιεηιιιεε
1531 3610 1742 3677 comedentium

90 3714 118 3762 ut
135 3705 311 3778 professores
325 3711 463 3761 soceutm.
478 3698 555 3768 ouon
568 3716 633 3757 sero
644 3699 782 3757 domiuum
794 3711 823 3757 et
834 3700 893 3772 ipse
947 3698 1035 3772 (Dra.
1057 3715 1098 3766 ιιι,
1119 3699 1177 3770 lii).
1190 3699 1274 3757 biulto
1285 3710 1376 3759 summ
1387 3709 1430 3758 εει
1441 3703 1554 3771 melius,
1566 3715 1593 3761 et
1607 3705 1666 3764 sirie
1678 3723 1744 3783 con·

36 3825 37 3830 ¹
92 3813 118 3857 se
128 3800 194 3858 dicit
203 3797 402 3870 discipolorum
416 3808 543 3863 suornm,
558 3808 619 3851 cum
634 3794 688 3850 sint
701 3793 739 3849 illi
751 3781 832 3849 oliam
845 3808 892 3850 se·
945 3793 1075 3850 unverein
1087 3794 1191 3860 uerius,
1203 3802 1234 3853 ut
1245 3795 1325 3853 edam
1335 3796 1458 3854 matribus
1472 3797 1536 3866 iist;
1552 3814 1603 3859 nec
1615 3799 1744 3874 dedgne-

89 3892 201 3950 mudum
214 3889 350 3948 saulum
363 3887 472 3962 ingenui
483 3926 492 3955 ,
504 3886 565 3958 nmis
577 3885 645 3944 ierat
656 3886 684 3942 in
695 3886 826 3943 bomine?
839 3884 893 3944 Sed
946 3893 989 3942 tur
1001 3883 1073 3956 quod
1083 3884 1144 3942 iecit
1153 3883 1294 3954 Christus,
1306 3885 1394 3944 iacere
1404 3887 1576 3947 christianus.
1591 3889 1660 3948 cum
1669 3891 1742 3949 euim

36 3991 37 3996 ’
91 3983 157 4041 mara
168 3985 307 4056 loquinu.
320 3981 398 4040 Nulla
412 3990 454 4039 est
467 3979 511 4036 laic
523 3978 604 4037 elatio
615 3988 696 4036 tantae
708 3978 891 4048 celsitudinis,
946 3974 979 4032 ad
999 3975 1081 4047 pedes
1104 3975 1194 4041 iratris
1214 3976 1358 4034 inclinatur
1376 3994 1492 4053 corpus,
1502 3981 1592 4048 etidm
1613 3982 1640 4039 iu
1660 3982 1744 4042 corde

90 4078 185 4134 fflom
197 4075 378 4134 mendacem
390 4070 511 4132 veritatis
523 4090 530 4127 s
541 4071 620 4130 uobis
629 4071 768 4143 subjseere
780 4071 818 4127 ilii
829 4071 893 4127 utile
946 4069 1005 4141 ipso
1017 4069 1060 4126 rei
1072 4069 1221 4136 excitatur,
1235 4070 1278 4128 sel
1290 4071 1315 4128 si
1326 4070 1383 4144 jsrn
1395 4072 1500 4144 inerat,
1514 4074 1689 4134 coudrmatur
1701 4077 1743 4149 ip-

36 4155 37 4180 *
90 4174 128 4224 et
144 4165 324 4232 eelsitudini,
346 4164 425 4222 nobis
438 4161 540 4220 servire
552 4160 617 4218 utile
630 4172 673 4219 est
685 4161 801 4218 veritati.
816 4159 894 4230 Quod
945 4161 1299 4221 siusiumilitstisaiiectus.

36 4259 37 4308 Ἰ
91 4271 117 4316 ιε
130 4260 281 4317 bominum
294 4256 376 4326 dicit,
391 4270 446 4313 non
459 4253 499 4311 illi
509 4253 604 4310 sitium
618 4263 659 4311 est
670 4294 679 4320 ,
690 4252 738 4309 sed
751 4253 829 4309 nobis
845 4252 894 4311 be-
981 4254 1009 4311 it.
1023 4253 1076 4311 Sed
1089 4263 1202 4327 excepto
1212 4255 1266 4313 isto
1280 4258 1374 4314 morali
1386 4258 1538 4328 intellectu,
1554 4260 1591 4318 ita
1600 4274 1651 4319 nos
1661 4260 1743 4334 buius

93 4350 223 4408 ιειάειι.
238 4349 394 4422 cuiusdam
404 4344 542 4405 samiam
555 4346 672 4403 auctoris
685 4344 892 4405 uerbaisudan-
945 4344 1074 4402 dominici
1088 4345 1150 4404 iacti
1161 4333 1329 4404 altitudinem
1341 4349 1545 4409 commendasse
1556 4353 1728 4412 meminimus

93 4449 145 4510 iar,
161 4444 227 4517 quia
243 4442 337 4508 dixit,
356 4461 367 4497 ι
384 4440 452 4500 cun
465 4439 554 4497 ontnis
566 4440 717 4513 arrogantia
731 4438 824 4496 odiosa
836 4447 892 4506 εει,
946 4438 1019 4512 qood
1040 4438 1154 4496 burdo
1173 4438 1256 4512 pedes
1275 4440 1330 4512 lam
1350 4442 1466 4500 lotorum
1485 4454 1566 4518 atque
1583 4446 1744 4506 mundorum

36 4537 37 4582 ι
95 4545 171 4593 «tam
185 4537 234 4594 illa
250 4535 357 4608 ingenii
370 4543 401 4592 et
412 4533 572 4605 eloquentia
586 4532 672 4590 multo
684 4531 891 4589 molestissimas
946 4530 1155 4604 discipulorum,
1174 4531 1364 4604 signiserant
1384 4533 1513 4594 mosum
1525 4549 1635 4611 propter
1649 4538 1744 4597 buma-

37 5203 51 5576 i

47 6067 71 6269 i

92 4625 148 4699 (ee.
167 4630 196 4685 is
213 4629 249 4699 Q.
268 4625 417 4697 Gaetu)
431 4643 439 4680 ε
454 4635 482 4682 et
506 4632 596 4682 tamen
618 4623 690 4680 idem
709 4623 767 4695 ipse
787 4638 848 4680 cum
860 4622 895 4680 de
947 4637 997 4680 uos
1018 4622 1115 4696 qubus
1133 4623 1246 4681 interra
1256 4639 1396 4683 rersaomr
1406 4626 1535 4696 allectus,
1548 4637 1578 4686 ut
1588 4638 1745 4703 quamtum·

93 4732 134 4777 saa
151 4720 319 4794 eloquentis
342 4718 515 4791 loqueretur,
529 4716 693 4783 «Dicerem,
716 4717 818 4788 inquit,
835 4731 895 4788 per-
948 4714 1015 4772 libet
1026 4714 1217 4788 profecerimus
1228 4716 1256 4773 iu
1267 4717 1745 4791 spprelreosioneiustitie,seiamus

95 4829 104 4863 ι
117 4811 224 4881 wana,
239 4814 267 4872 si
284 4813 325 4870 ita
331 4811 499 4884 judicarem
512 4826 563 4868 nec
574 4812 601 4867 in
616 4810 730 4867 ueritsu
740 4809 842 4866 crimen
852 4823 895 4864 sr-
947 4822 997 4865 nos
1011 4807 1069 4864 altre
1081 4816 1191 4882 peccato
1202 4823 1257 4865 nou
1267 4824 1328 4867 esse
1341 4826 1349 4865 t
1362 4809 1434 4884 quod
1445 4811 1559 4871 subinde
1570 4812 1655 4874 abluit
1664 4815 1746 4872 luter·
1808 4869 1810 4874 .

96 4921 104 4956 r
116 4909 242 4980 rigantia
253 4906 480 4980 pertimescerem
495 4923 506 4958 ι
522 4902 618 4979 (ldis
632 4901 761 4976 Oratore).
774 4901 802 4958 Si
816 4901 896 4974 igitur
948 4897 1073 4971 peilaodu
1086 4914 1135 4971 pro
1148 4899 1241 4969 nobis,
1256 4914 1319 4959 mum
1329 4916 1438 4961 oramus
1448 4901 1554 4962 Ratrenr
1567 4904 1614 4981 qui
1626 4905 1653 4963 in
1667 4907 1744 4966 coells

95 4997 131 5056 dt
141 4999 220 5057 lonso
229 4996 481 5070 eloquentissimus
493 4997 520 5052 in
529 4994 642 5052 scritate
651 4994 830 5066 arrogantiam
840 5006 895 5058 non
947 4999 1008 5057 cst,
1028 4999 1059 5048 ut
1065 4990 1159 5059 ‚debita
1171 5001 1262 5050 nostra
1277 4992 1395 5052 dimittat
1407 4994 1486 5055 nobis
1496 5038 1506 5065 ,
1518 4997 1588 5056 sicut
1600 5007 1628 5056 et
1639 5013 1689 5058 nos
1702 4998 1745 5057 di·

95 5089 204 5158 beret,
226 5086 374 5164 quomodo
393 5087 573 5160 arrogantiam
597 5085 654 5157 ipsa
678 5085 777 5142 veritas
796 5082 895 5141 timeti
947 5084 1081 5143 mittimus
1099 5085 1266 5147 debitoribus
1288 5089 1389 5148 neue
1407 5088 1516 5162 (Helii.
1538 5106 1583 5160 st,
1602 5090 1746 5166 {Mue-

97 5177 159 5240 lirat
168 5198 199 5243 ss
209 5182 367 5243 nemim
380 5179 427 5251 gui
441 5180 572 5235 boninus
585 5186 645 5246 εει,
660 5176 733 5240 dieat
742 5190 836 5232 rerum
849 5174 895 5248 qui
948 5176 1030 5237 modo
1048 5194 1114 5253 ergo
1132 5179 1166 5237 ad
1179 5180 1251 5238 bunc
1263 5179 1427 5239 intellwtam
1438 5181 1538 5255 poterit
1548 5176 1746 5254 perdnere‘buc

97 5275 233 5335 ιιάιεεεει
242 5296 252 5346 3
262 5290 304 5333 ne
319 5272 486 5330 condiscam
500 5285 551 5344 ego
562 5271 634 5340 nouo
646 5270 772 5335 sideest,
781 5268 844 5326 dom
855 5278 896 5326 ta·
948 5270 1021 5343 guod
1039 5272 1097 5345 ipse
1112 5282 1204 5345 postea
1217 5273 1325 5344 docuit,
1340 5274 1386 5332 ubi
1397 5275 1438 5331 sui
1450 5273 1513 5332 iactl
1523 5275 1647 5348 esposuit
1658 5276 1742 5333 ratio-

99 5368 183 5430 ttillls
192 5370 269 5444 qood
283 5375 345 5427 εει.
358 5365 532 5423 Βαιίεείιιιιιε
544 5363 659 5427 holus,
673 5378 726 5418 tion
737 5363 827 5432 utique
836 5361 896 5418 uni·
948 5379 1011 5421 nem
1022 5364 1134 5433 dicens,
1146 5383 1157 5419 ι
1171 5363 1275 5439 storga
1286 5364 1512 5440 egelaslvestres
1521 5364 1604 5437 peiles
1613 5362 1744 5423 bonum

100 5459 186 5526 idn
206 5462 258 5518 liei
285 5458 398 5524 Filias,
420 5458 470 5515 ted
482 5456 611 5529 unigeniti
627 5455 673 5513 oei
687 5454 747 5512 iiiii
760 5467 856 5512 serrum
867 5462 896 5511 et
948 5454 1127 5533 etlrglster,
1137 5455 1242 5514 debetis
1255 5467 1341 5514 esros
1353 5454 1539 5514 εΙιεεειιειιιιε
1547 5451 1638 5509 lavare
1648 5450 1741 5525 pedes.

103 5553 237 5624 ῃιειιες
263 5565 327 5610 soe
344 5549 467 5617 'serium
490 5549 539 5605 sed
559 5550 691 5617 particeps
705 5549 845 5613 reritstiss
858 5547 895 5602 alt
947 5543 1108 5614 Exemplum
1130 5544 1202 5599 enim
1221 5542 1284 5599 dedi
1302 5541 1397 5609 robis,
1414 5538 1679 5611 utquemadnodum
1693 5557 1744 5618 ege

104 5643 170 5704 hs
183 5657 212 5706 ς
228 5646 416 5707 munies,
436 5636 470 5693 ls'i
486 5637 509 5692 sl
528 5635 772 5708 emeno-glorium,
786 5651 836 5690 tros·
850 5651 894 5691 ere
947 5631 1141 5700 lubricosus
1154 5640 1183 5688 et
1195 5646 1243 5689 sos
1255 5631 1373 5689 issialisl
1385 5628 1746 5709 sliumgulildlcerepossu·

104 5735 222 5814 ψη
239 5738 384 5802 misma
403 5723 661 5802 αιιιιιιιωιιιΰοε.
678 5726 894 5802 su,i).llegue
947 5721 1743 5800 mosgnodetiarnirateriratremadelletlpotesitcoots·

107 5826 321 5907 fibssipso,
338 5822 505 5898 sedlnlpsa
516 5818 892 5895 imumquesuperiurest
947 5816 1028 5891 gloss
1039 5815 1742 5901 munductinorsruldetismocsesssrdnonig
